
@incollection{gimeno_ocean_2012,
	address = {New York, NY},
	title = {Oceanocean/{oceanicEvaporationocean}/oceanicevaporationand {Precipitationocean}/oceanicprecipitation},
	isbn = {978-1-4419-0851-3},
	url = {https://doi.org/10.1007/978-1-4419-0851-3_734},
	language = {en},
	urldate = {2019-10-15},
	booktitle = {Encyclopedia of {Sustainability} {Science} and {Technology}},
	publisher = {Springer New York},
	author = {Gimeno, Luis and Nieto, Raquel and Drumond, Anita and Durán-Quesada, Ana María},
	editor = {Meyers, Robert A.},
	year = {2012},
	doi = {10.1007/978-1-4419-0851-3_734},
	pages = {7244--7263}
}

@article{hegerl_challenges_2018,
	title = {Challenges in quantifying changes in the global water cycle},
	volume = {99},
	number = {1},
	journal = {Bulletin of the American Meteorological Society},
	author = {Hegerl, Gabriele C. and Black, Emily and Allan, Richard P. and Ingram, William J. and Polson, Debbie and Trenberth, Kevin E. and Chadwick, Robin S. and Arkin, Phillip A. and Sarojini, Beena Balan and Becker, Andreas},
	year = {2018},
	file = {Full Text:C\:\\Users\\admin\\Zotero\\storage\\8IMV9F4X\\Hegerl et al. - 2018 - Challenges in quantifying changes in the global wa.pdf:application/pdf;Full Text:C\:\\Users\\admin\\Zotero\\storage\\5ED77D5X\\Hegerl et al. - 2018 - Challenges in quantifying changes in the global wa.pdf:application/pdf;Full Text:C\:\\Users\\admin\\Zotero\\storage\\ZU3KGL8R\\Hegerl et al. - 2018 - Challenges in quantifying changes in the global wa.pdf:application/pdf;Full Text:C\:\\Users\\admin\\Zotero\\storage\\JPUTMHMB\\Hegerl et al. - 2018 - Challenges in quantifying changes in the global wa.pdf:application/pdf;Snapshot:C\:\\Users\\admin\\Zotero\\storage\\BXBGRET2\\BAMS-D-13-00212.html:text/html;Snapshot:C\:\\Users\\admin\\Zotero\\storage\\8T6ZHN3A\\BAMS-D-13-00212.html:text/html;Snapshot:C\:\\Users\\admin\\Zotero\\storage\\QWAHNRTA\\BAMS-D-13-00212.html:text/html;Snapshot:C\:\\Users\\admin\\Zotero\\storage\\32R3EBK2\\BAMS-D-13-00212.html:text/html}
}

@article{sherwood_tropospheric_2010,
	title = {Tropospheric water vapor, convection, and climate},
	volume = {48},
	number = {2},
	journal = {Reviews of Geophysics},
	author = {Sherwood, S. C. and Roca, Remi and Weckwerth, T. M. and Andronova, N. G.},
	year = {2010},
	file = {Snapshot:C\:\\Users\\admin\\Zotero\\storage\\EMWTKWSD\\2009rg000301.html:text/html}
}

@article{allen_constraints_2002,
	title = {Constraints on future changes in climate and the hydrologic cycle},
	volume = {419},
	number = {6903},
	journal = {Nature},
	author = {Allen, Myles R. and Ingram, William J.},
	year = {2002},
	pages = {228},
	file = {Full Text:C\:\\Users\\admin\\Zotero\\storage\\9RHNNPRY\\Allen and Ingram - 2002 - Constraints on future changes in climate and the h.pdf:application/pdf}
}

@article{ackerley_sensitivity_2011,
	title = {Sensitivity of twentieth-century {Sahel} rainfall to sulfate aerosol and {CO}2 forcing},
	volume = {24},
	number = {19},
	journal = {Journal of Climate},
	author = {Ackerley, Duncan and Booth, Ben BB and Knight, Sylvia HE and Highwood, Eleanor J. and Frame, David J. and Allen, Myles R. and Rowell, David P.},
	year = {2011},
	pages = {4999--5014},
	file = {Full Text:C\:\\Users\\admin\\Zotero\\storage\\FSKL655H\\Ackerley et al. - 2011 - Sensitivity of twentieth-century Sahel rainfall to.pdf:application/pdf;Snapshot:C\:\\Users\\admin\\Zotero\\storage\\CWTJ3SJ6\\jcli-d-11-00019.html:text/html}
}

@article{adler_version-2_2003,
	title = {The version-2 global precipitation climatology project ({GPCP}) monthly precipitation analysis (1979–present)},
	volume = {4},
	number = {6},
	journal = {Journal of hydrometeorology},
	author = {Adler, Robert F. and Huffman, George J. and Chang, Alfred and Ferraro, Ralph and Xie, Ping-Ping and Janowiak, John and Rudolf, Bruno and Schneider, Udo and Curtis, Scott and Bolvin, David},
	year = {2003},
	pages = {1147--1167},
	file = {Full Text:C\:\\Users\\admin\\Zotero\\storage\\NG8RQ969\\Adler et al. - 2003 - The version-2 global precipitation climatology pro.pdf:application/pdf;Full Text:C\:\\Users\\admin\\Zotero\\storage\\325MZYA7\\Adler et al. - 2003 - The version-2 global precipitation climatology pro.pdf:application/pdf;Snapshot:C\:\\Users\\admin\\Zotero\\storage\\3RYG9UH7\\1525-7541(2003)0041147TVGPCP2.0.html:text/html;Snapshot:C\:\\Users\\admin\\Zotero\\storage\\NCRG5HEQ\\1525-7541(2003)0041147TVGPCP2.0.html:text/html}
}

@article{allan_international_2011,
	title = {The international atmospheric circulation reconstructions over the {Earth} ({ACRE}) initiative},
	volume = {92},
	number = {11},
	journal = {Bulletin of the American Meteorological Society},
	author = {Allan, Rob and Brohan, Philip and Compo, Gilbert P. and Stone, Roger and Luterbacher, Juerg and Brönnimann, Stefan},
	year = {2011},
	pages = {1421--1425},
	file = {Full Text:C\:\\Users\\admin\\Zotero\\storage\\JENURMMV\\Allan et al. - 2011 - The international atmospheric circulation reconstr.pdf:application/pdf}
}

@article{allan_regime_2012,
	title = {Regime dependent changes in global precipitation},
	volume = {39},
	number = {3-4},
	journal = {Climate Dynamics},
	author = {Allan, Richard P.},
	year = {2012},
	pages = {827--840}
}

@article{allan_climate_2014,
	title = {Climate change: {Dichotomy} of drought and deluge},
	volume = {7},
	shorttitle = {Climate change},
	number = {10},
	journal = {Nature Geoscience},
	author = {Allan, Richard P.},
	year = {2014},
	pages = {700}
}

@article{allan_physically_2014,
	title = {Physically consistent responses of the global atmospheric hydrological cycle in models and observations},
	volume = {35},
	number = {3},
	journal = {Surveys in Geophysics},
	author = {Allan, Richard P. and Liu, Chunlei and Zahn, Matthias and Lavers, David A. and Koukouvagias, Evgenios and Bodas-Salcedo, Alejandro},
	year = {2014},
	pages = {533--552},
	file = {Full Text:C\:\\Users\\admin\\Zotero\\storage\\T3NUJITM\\s10712-012-9213-z.html:text/html}
}

@article{allen_recent_2012,
	title = {Recent {Northern} {Hemisphere} tropical expansion primarily driven by black carbon and tropospheric ozone},
	volume = {485},
	number = {7398},
	journal = {Nature},
	author = {Allen, Robert J. and Sherwood, Steven C. and Norris, Joel R. and Zender, Charles S.},
	year = {2012},
	pages = {350},
	file = {Full Text:C\:\\Users\\admin\\Zotero\\storage\\32CFELB5\\Allen et al. - 2012 - Recent Northern Hemisphere tropical expansion prim.pdf:application/pdf}
}

@article{arakawa_multiscale_2011,
	title = {Multiscale modeling of the moist-convective atmosphere—{A} review},
	volume = {102},
	number = {3},
	journal = {Atmospheric research},
	author = {Arakawa, A. and Jung, J.-H.},
	year = {2011},
	pages = {263--285},
	file = {Full Text:C\:\\Users\\admin\\Zotero\\storage\\2J25ESJ2\\S0169809511002602.html:text/html}
}

@article{arnell_global_2013,
	title = {A global assessment of the effects of climate policy on the impacts of climate change},
	volume = {3},
	number = {5},
	journal = {Nature Climate Change},
	author = {Arnell, Nigel W. and Lowe, J. A. and Brown, S. and Gosling, S. N. and Gottschalk, P. and Hinkel, J. and Lloyd-Hughes, Ben and Nicholls, R. J. and Osborn, T. J. and Osborne, Tom M.},
	year = {2013},
	pages = {512}
}

@article{balan_sarojini_fingerprints_2012,
	title = {Fingerprints of changes in annual and seasonal precipitation from {CMIP}5 models over land and ocean},
	volume = {39},
	number = {21},
	journal = {Geophysical Research Letters},
	author = {Balan Sarojini, Beena and Stott, Peter A. and Black, Emily and Polson, Debbie},
	year = {2012},
	file = {Full Text:C\:\\Users\\admin\\Zotero\\storage\\TCITILWV\\2012GL053373.html:text/html;Snapshot:C\:\\Users\\admin\\Zotero\\storage\\3LY23F8L\\2012GL053373.html:text/html}
}

@inproceedings{beck_new_2005,
	title = {A new monthly precipitation climatology for the global land areas for the period 1951 to 2000},
	volume = {7},
	booktitle = {Geophys. {Res}. {Abstr}},
	author = {Beck, Christoph and Grieser, Jürgen and Rudolf, Bruno and Schneider, U.},
	year = {2005},
	pages = {07154},
	file = {Full Text:C\:\\Users\\admin\\Zotero\\storage\\3HETM2UE\\Beck et al. - 2005 - A new monthly precipitation climatology for the gl.pdf:application/pdf}
}

@article{becker_description_2013,
	title = {A description of the global land-surface precipitation data products of the {Global} {Precipitation} {Climatology} {Centre} with sample applications including centennial (trend) analysis from 1901–present},
	volume = {5},
	number = {1},
	journal = {Earth System Science Data},
	author = {Becker, Andreas and Finger, Peter and Meyer-Christoffer, Anja and Rudolf, Bruno and Schamm, Kirstin and Schneider, Udo and Ziese, Markus},
	year = {2013},
	pages = {71--99},
	file = {Full Text:C\:\\Users\\admin\\Zotero\\storage\\R867W5EI\\Becker et al. - 2013 - A description of the global land-surface precipita.pdf:application/pdf}
}

@article{bengtsson_changing_2011,
	title = {The changing atmospheric water cycle in {Polar} {Regions} in a warmer climate},
	volume = {63},
	number = {5},
	journal = {Tellus A: Dynamic Meteorology and Oceanography},
	author = {Bengtsson, Lennart and Hodges, Kevin I. and Koumoutsaris, Symeon and Zahn, Matthias and Keenlyside, Noel},
	year = {2011},
	pages = {907--920},
	file = {Full Text:C\:\\Users\\admin\\Zotero\\storage\\LPRDCIP6\\Bengtsson et al. - 2011 - The changing atmospheric water cycle in Polar Regi.pdf:application/pdf;Snapshot:C\:\\Users\\admin\\Zotero\\storage\\R9H8B6TW\\j.1600-0870.2011.00534.html:text/html}
}

@article{berg_strong_2013,
	title = {Strong increase in convective precipitation in response to higher temperatures},
	volume = {6},
	number = {3},
	journal = {Nature Geoscience},
	author = {Berg, Peter and Moseley, Christopher and Haerter, Jan O.},
	year = {2013},
	pages = {181}
}

@article{berry_new_2009,
	title = {A new air–sea interaction gridded dataset from {ICOADS} with uncertainty estimates},
	volume = {90},
	number = {5},
	journal = {Bulletin of the American Meteorological Society},
	author = {Berry, David I. and Kent, Elizabeth C.},
	year = {2009},
	pages = {645--656},
	file = {Full Text:C\:\\Users\\admin\\Zotero\\storage\\YBZSGDZM\\Berry and Kent - 2009 - A new air–sea interaction gridded dataset from ICO.pdf:application/pdf;Snapshot:C\:\\Users\\admin\\Zotero\\storage\\IXCME7B3\\2008BAMS2639.html:text/html}
}

@article{berry_airsea_2011,
	title = {Air–{Sea} fluxes from {ICOADS}: the construction of a new gridded dataset with uncertainty estimates},
	volume = {31},
	copyright = {Copyright © 2009 Royal Meteorological Society},
	issn = {1097-0088},
	shorttitle = {Air–{Sea} fluxes from {ICOADS}},
	url = {https://rmets.onlinelibrary.wiley.com/doi/abs/10.1002/joc.2059},
	doi = {10.1002/joc.2059},
	abstract = {The methods used to calculate a new in situ global dataset of air–sea exchanges, called the NOCS Flux Dataset v2.0, are described. The fluxes have been derived from in situ weather reports from Voluntary Observing Ships (VOS) covering the period 1973–2006. The reports have been adjusted for known biases and residual uncertainties estimated. The dataset is constructed using Optimal Interpolation (OI) using new estimates of random uncertainty in the observations. Daily fields have been calculated on a 1° latitude by 1° longitude grid, each grid box and time step have an associated uncertainty estimate. Monthly fields have been calculated from simple averages of the daily fields and monthly uncertainty estimates from the daily uncertainties, using estimates of the autocorrelation between the daily uncertainty estimates. The uncertainties due to the choice of flux parameterisation have not been accounted for. Bias adjustments applied to the data are shown to reduce trends in the data and to improve the consistency of estimates of air temperature, sea surface temperature (SST) and specific humidity. The bias adjustments also improve the agreement of NOCS v2.0 with independent data from research moorings. Cross-validation of the dataset suggests that the uncertainty estimates are realistic, but that the uncertainties are probably underestimated in high variability regions and overestimated in regions with lower variability. Copyright © 2009 Royal Meteorological Society},
	language = {en},
	number = {7},
	urldate = {2019-10-16},
	journal = {International Journal of Climatology},
	author = {Berry, David I. and Kent, Elizabeth C.},
	year = {2011},
	keywords = {air–sea interaction, flux, ICOADS, marine meteorology, ocean, ship, VOS},
	pages = {987--1001},
	file = {Full Text PDF:C\:\\Users\\admin\\Zotero\\storage\\7YTABBJT\\Berry and Kent - 2011 - Air–Sea fluxes from ICOADS the construction of a .pdf:application/pdf;Full Text PDF:C\:\\Users\\admin\\Zotero\\storage\\UCZA5VSG\\Berry and Kent - 2011 - Air–Sea fluxes from ICOADS the construction of a .pdf:application/pdf;Snapshot:C\:\\Users\\admin\\Zotero\\storage\\7C29EIML\\joc.html:text/html;Snapshot:C\:\\Users\\admin\\Zotero\\storage\\JGBT7887\\joc.html:text/html}
}

@article{bindoff_detection_2013,
	title = {Detection and attribution of climate change: from global to regional},
	shorttitle = {Detection and attribution of climate change},
	author = {Bindoff, Nathaniel L. and Stott, Peter A. and AchutaRao, Krishna Mirle and Allen, Myles R. and Gillett, Nathan and Gutzler, David and Hansingo, Kabumbwe and Hegerl, G. and Hu, Yongyun and Jain, Suman},
	year = {2013},
	file = {Full Text:C\:\\Users\\admin\\Zotero\\storage\\L2IH5TLK\\Bindoff et al. - 2013 - Detection and attribution of climate change from .pdf:application/pdf;Full Text:C\:\\Users\\admin\\Zotero\\storage\\M2ZG6IZA\\Bindoff et al. - 2013 - Detection and attribution of climate change from .pdf:application/pdf;Snapshot:C\:\\Users\\admin\\Zotero\\storage\\J2CMF5Z7\\10552.html:text/html;Snapshot:C\:\\Users\\admin\\Zotero\\storage\\I4NFE66T\\10552.html:text/html}
}

@article{bintanja_future_2014,
	title = {Future increases in {Arctic} precipitation linked to local evaporation and sea-ice retreat},
	volume = {509},
	number = {7501},
	journal = {Nature},
	author = {Bintanja, Richard and Selten, F. M.},
	year = {2014},
	pages = {479},
	file = {Full Text:C\:\\Users\\admin\\Zotero\\storage\\224BTIP8\\login.html:text/html;Snapshot:C\:\\Users\\admin\\Zotero\\storage\\JU28XKQ3\\nature13259.html:text/html}
}

@article{blyth_comprehensive_2011,
	title = {A comprehensive set of benchmark tests for a land surface model of simultaneous fluxes of water and carbon at both the global and seasonal scale},
	volume = {4},
	number = {2},
	journal = {Geoscientific Model Development},
	author = {Blyth, E. and Clark, D. B. and Ellis, R. and Huntingford, C. and Los, S. and Pryor, M. and Best, M. and Sitch, S.},
	year = {2011},
	pages = {255--269},
	file = {Full Text:C\:\\Users\\admin\\Zotero\\storage\\TQHKTBJA\\Blyth et al. - 2011 - A comprehensive set of benchmark tests for a land .pdf:application/pdf;Snapshot:C\:\\Users\\admin\\Zotero\\storage\\4TC8X9DE\\2011.html:text/html}
}

@article{bony_robust_2013,
	title = {Robust direct effect of carbon dioxide on tropical circulation and regional precipitation},
	volume = {6},
	number = {6},
	journal = {Nature Geoscience},
	author = {Bony, Sandrine and Bellon, Gilles and Klocke, Daniel and Sherwood, Steven and Fermepin, Solange and Denvil, Sébastien},
	year = {2013},
	pages = {447},
	file = {Full Text:C\:\\Users\\admin\\Zotero\\storage\\H8ZR7UK2\\Bony et al. - 2013 - Robust direct effect of carbon dioxide on tropical.pdf:application/pdf;Snapshot:C\:\\Users\\admin\\Zotero\\storage\\W5Y7WEEV\\ngeo1799.html:text/html}
}

@article{chadwick_spatial_2013,
	title = {Spatial patterns of precipitation change in {CMIP}5: {Why} the rich do not get richer in the tropics},
	volume = {26},
	shorttitle = {Spatial patterns of precipitation change in {CMIP}5},
	number = {11},
	journal = {Journal of Climate},
	author = {Chadwick, Robin and Boutle, Ian and Martin, Gill},
	year = {2013},
	pages = {3803--3822},
	file = {Full Text:C\:\\Users\\admin\\Zotero\\storage\\E74VYRPM\\Chadwick et al. - 2013 - Spatial patterns of precipitation change in CMIP5.pdf:application/pdf;Snapshot:C\:\\Users\\admin\\Zotero\\storage\\ACPYZCC9\\JCLI-D-12-00543.html:text/html}
}

@article{chang_sulfate_2011,
	title = {Sulfate aerosol control of tropical {Atlantic} climate over the twentieth century},
	volume = {24},
	number = {10},
	journal = {Journal of Climate},
	author = {Chang, C.-Y. and Chiang, J. C. H. and Wehner, M. F. and Friedman, A. R. and Ruedy, R.},
	year = {2011},
	pages = {2540--2555},
	file = {Full Text:C\:\\Users\\admin\\Zotero\\storage\\ZF2K2ZJP\\Chang et al. - 2011 - Sulfate aerosol control of tropical Atlantic clima.pdf:application/pdf;Snapshot:C\:\\Users\\admin\\Zotero\\storage\\I7KVBMKN\\2010JCLI4065.html:text/html}
}

@article{chou_evaluating_2009,
	title = {Evaluating the “rich-get-richer” mechanism in tropical precipitation change under global warming},
	volume = {22},
	number = {8},
	journal = {Journal of Climate},
	author = {Chou, Chia and Neelin, J. David and Chen, Chao-An and Tu, Jien-Yi},
	year = {2009},
	pages = {1982--2005},
	file = {Full Text:C\:\\Users\\admin\\Zotero\\storage\\EZX6QHYE\\Chou et al. - 2009 - Evaluating the “rich-get-richer” mechanism in trop.pdf:application/pdf;Snapshot:C\:\\Users\\admin\\Zotero\\storage\\8EACAB37\\2008JCLI2471.html:text/html}
}

@article{chou_increase_2013,
	title = {Increase in the range between wet and dry season precipitation},
	volume = {6},
	number = {4},
	journal = {Nature Geoscience},
	author = {Chou, Chia and Chiang, John CH and Lan, Chia-Wei and Chung, Chia-Hui and Liao, Yi-Chun and Lee, Chia-Jung},
	year = {2013},
	pages = {263},
	file = {Snapshot:C\:\\Users\\admin\\Zotero\\storage\\QQC3APMS\\ngeo1744.html:text/html}
}

@article{chung_upper-tropospheric_2014,
	title = {Upper-tropospheric moistening in response to anthropogenic warming},
	volume = {111},
	number = {32},
	journal = {Proceedings of the National Academy of Sciences},
	author = {Chung, Eui-Seok and Soden, Brian and Sohn, B. J. and Shi, Lei},
	year = {2014},
	pages = {11636--11641},
	file = {Full Text:C\:\\Users\\admin\\Zotero\\storage\\7IGVWHM5\\Chung et al. - 2014 - Upper-tropospheric moistening in response to anthr.pdf:application/pdf;Snapshot:C\:\\Users\\admin\\Zotero\\storage\\4URGJIT3\\11636.html:text/html}
}

@incollection{collins_long-term_2013,
	title = {Long-term climate change: projections, commitments and irreversibility},
	shorttitle = {Long-term climate change},
	booktitle = {Climate {Change} 2013-{The} {Physical} {Science} {Basis}: {Contribution} of {Working} {Group} {I} to the {Fifth} {Assessment} {Report} of the {Intergovernmental} {Panel} on {Climate} {Change}},
	publisher = {Cambridge University Press},
	author = {Collins, Matthew and Knutti, Reto and Arblaster, Julie and Dufresne, Jean-Louis and Fichefet, Thierry and Friedlingstein, Pierre and Gao, Xuejie and Gutowski, William J. and Johns, Tim and Krinner, Gerhard},
	year = {2013},
	pages = {1029--1136},
	file = {Snapshot:C\:\\Users\\admin\\Zotero\\storage\\PHHA7T7Q\\long-term-climate-change-projections-commitments-and-irreversibil.html:text/html}
}

@article{dai_recent_2006,
	title = {Recent climatology, variability, and trends in global surface humidity},
	volume = {19},
	number = {15},
	journal = {Journal of Climate},
	author = {Dai, Aiguo},
	year = {2006},
	pages = {3589--3606},
	file = {Full Text:C\:\\Users\\admin\\Zotero\\storage\\GNMDUMTU\\Dai - 2006 - Recent climatology, variability, and trends in glo.pdf:application/pdf;Snapshot:C\:\\Users\\admin\\Zotero\\storage\\56TBB7W6\\JCLI3816.html:text/html}
}

@article{dai_drought_2011,
	title = {Drought under global warming: a review},
	volume = {2},
	shorttitle = {Drought under global warming},
	number = {1},
	journal = {Wiley Interdisciplinary Reviews: Climate Change},
	author = {Dai, Aiguo},
	year = {2011},
	pages = {45--65},
	file = {Full Text:C\:\\Users\\admin\\Zotero\\storage\\BMPV722U\\Dai - 2011 - Drought under global warming a review.pdf:application/pdf;Snapshot:C\:\\Users\\admin\\Zotero\\storage\\95KH8PIF\\wcc.html:text/html}
}

@article{dai_characteristics_2011,
	title = {Characteristics and trends in various forms of the {Palmer} {Drought} {Severity} {Index} during 1900–2008},
	volume = {116},
	number = {D12},
	journal = {Journal of Geophysical Research: Atmospheres},
	author = {Dai, Aiguo},
	year = {2011},
	file = {Full Text:C\:\\Users\\admin\\Zotero\\storage\\2TW5WF9S\\2010JD015541.html:text/html;Snapshot:C\:\\Users\\admin\\Zotero\\storage\\ERIMHNFE\\2010JD015541.html:text/html}
}

@article{dai_increasing_2013,
	title = {Increasing drought under global warming in observations and models},
	volume = {3},
	number = {1},
	journal = {Nature climate change},
	author = {Dai, Aiguo},
	year = {2013},
	pages = {52},
	file = {Full Text:C\:\\Users\\admin\\Zotero\\storage\\977NY9DK\\Dai - 2013 - Increasing drought under global warming in observa.pdf:application/pdf}
}

@article{dai_influence_2013,
	title = {The influence of the inter-decadal {Pacific} oscillation on {US} precipitation during 1923–2010},
	volume = {41},
	number = {3-4},
	journal = {Climate dynamics},
	author = {Dai, Aiguo},
	year = {2013},
	pages = {633--646}
}

@article{dai_changes_2009,
	title = {Changes in continental freshwater discharge from 1948 to 2004},
	volume = {22},
	number = {10},
	journal = {Journal of climate},
	author = {Dai, Aiguo and Qian, Taotao and Trenberth, Kevin E. and Milliman, John D.},
	year = {2009},
	pages = {2773--2792},
	file = {Full Text:C\:\\Users\\admin\\Zotero\\storage\\DTNEHM4A\\Dai et al. - 2009 - Changes in continental freshwater discharge from 1.pdf:application/pdf;Snapshot:C\:\\Users\\admin\\Zotero\\storage\\KIIF9I5T\\2008JCLI2592.html:text/html}
}

@article{dee_era-interim_2011,
	title = {The {ERA}-{Interim} reanalysis: {Configuration} and performance of the data assimilation system},
	volume = {137},
	shorttitle = {The {ERA}-{Interim} reanalysis},
	number = {656},
	journal = {Quarterly Journal of the royal meteorological society},
	author = {Dee, Dick P. and Uppala, S. M. and Simmons, A. J. and Berrisford, Paul and Poli, P. and Kobayashi, S. and Andrae, U. and Balmaseda, M. A. and Balsamo, G. and Bauer, d P.},
	year = {2011},
	pages = {553--597},
	file = {Snapshot:C\:\\Users\\admin\\Zotero\\storage\\62TC9N5B\\qj.html:text/html}
}

@article{demory_role_2014,
	title = {The role of horizontal resolution in simulating drivers of the global hydrological cycle},
	volume = {42},
	number = {7-8},
	journal = {Climate dynamics},
	author = {Demory, Marie-Estelle and Vidale, Pier Luigi and Roberts, Malcolm J. and Berrisford, Paul and Strachan, Jane and Schiemann, Reinhard and Mizielinski, Matthew S.},
	year = {2014},
	pages = {2201--2225}
}

@article{deser_uncertainty_2012,
	title = {Uncertainty in climate change projections: the role of internal variability},
	volume = {38},
	shorttitle = {Uncertainty in climate change projections},
	number = {3-4},
	journal = {Climate dynamics},
	author = {Deser, Clara and Phillips, Adam and Bourdette, Vincent and Teng, Haiyan},
	year = {2012},
	pages = {527--546}
}

@article{donat_updated_2013,
	title = {Updated analyses of temperature and precipitation extreme indices since the beginning of the twentieth century: {The} {HadEX}2 dataset},
	volume = {118},
	shorttitle = {Updated analyses of temperature and precipitation extreme indices since the beginning of the twentieth century},
	number = {5},
	journal = {Journal of Geophysical Research: Atmospheres},
	author = {Donat, M. G. and Alexander, L. V. and Yang, H. and Durre, I. and Vose, R. and Dunn, R. J. H. and Willett, K. M. and Aguilar, E. and Brunet, M. and Caesar, J.},
	year = {2013},
	pages = {2098--2118},
	file = {Full Text:C\:\\Users\\admin\\Zotero\\storage\\DNVWLMKV\\jgrd.html:text/html;Snapshot:C\:\\Users\\admin\\Zotero\\storage\\W78T8JJM\\jgrd.html:text/html}
}

@article{dong_impacts_2014,
	title = {The impacts of {European} and {Asian} anthropogenic sulfur dioxide emissions on {Sahel} rainfall},
	volume = {27},
	number = {18},
	journal = {Journal of Climate},
	author = {Dong, Buwen and Sutton, Rowan T. and Highwood, Ellie and Wilcox, Laura},
	year = {2014},
	pages = {7000--7017},
	file = {Full Text:C\:\\Users\\admin\\Zotero\\storage\\7RRWLY3B\\Dong et al. - 2014 - The impacts of European and Asian anthropogenic su.pdf:application/pdf;Snapshot:C\:\\Users\\admin\\Zotero\\storage\\UISYHTP6\\JCLI-D-13-00769.html:text/html}
}

@article{durack_fifty-year_2010,
	title = {Fifty-year trends in global ocean salinities and their relationship to broad-scale warming},
	volume = {23},
	number = {16},
	journal = {Journal of Climate},
	author = {Durack, Paul J. and Wijffels, Susan E.},
	year = {2010},
	pages = {4342--4362},
	file = {Full Text:C\:\\Users\\admin\\Zotero\\storage\\Z9UQQIVL\\Durack and Wijffels - 2010 - Fifty-year trends in global ocean salinities and t.pdf:application/pdf}
}

@article{durack_ocean_2012,
	title = {Ocean salinities reveal strong global water cycle intensification during 1950 to 2000},
	volume = {336},
	number = {6080},
	journal = {science},
	author = {Durack, Paul J. and Wijffels, Susan E. and Matear, Richard J.},
	year = {2012},
	pages = {455--458},
	file = {Snapshot:C\:\\Users\\admin\\Zotero\\storage\\XAKIN8V7\\455.html:text/html}
}

@incollection{durack_long-term_2013,
	title = {Long-term salinity changes and implications for the global water cycle},
	volume = {103},
	booktitle = {International {Geophysics}},
	publisher = {Elsevier},
	author = {Durack, Paul J. and Wijffels, Susan E. and Boyer, Tim P.},
	year = {2013},
	pages = {727--757},
	file = {Snapshot:C\:\\Users\\admin\\Zotero\\storage\\5HPN3YRL\\B9780123918512000283.html:text/html}
}

@article{emanuel_thermodynamic_1999,
	title = {Thermodynamic control of hurricane intensity},
	volume = {401},
	number = {6754},
	journal = {Nature},
	author = {Emanuel, Kerry A.},
	year = {1999},
	pages = {665},
	file = {Full Text:C\:\\Users\\admin\\Zotero\\storage\\CV45VL5J\\Emanuel - 1999 - Thermodynamic control of hurricane intensity.pdf:application/pdf}
}

@book{field_managing_2012,
	title = {Managing the risks of extreme events and disasters to advance climate change adaptation: special report of the intergovernmental panel on climate change},
	shorttitle = {Managing the risks of extreme events and disasters to advance climate change adaptation},
	publisher = {Cambridge University Press},
	author = {Field, Christopher B. and Barros, Vicente and Stocker, Thomas F. and Dahe, Qin},
	year = {2012},
	file = {Snapshot:C\:\\Users\\admin\\Zotero\\storage\\R9SN8G3F\\books.html:text/html}
}

@article{fowler_implications_2003,
	title = {Implications of changes in seasonal and annual extreme rainfall},
	volume = {30},
	number = {13},
	journal = {Geophysical Research Letters},
	author = {Fowler, H. J. and Kilsby, C. G.},
	year = {2003},
	file = {Full Text:C\:\\Users\\admin\\Zotero\\storage\\7DD9UF5X\\2003GL017327.html:text/html;Snapshot:C\:\\Users\\admin\\Zotero\\storage\\WUG3WLKH\\2003GL017327.html:text/html}
}

@article{freeland_argodecade_2010,
	title = {Argo—a decade of progress},
	volume = {9},
	journal = {Proceedings of OceanObs},
	author = {Freeland, Howard and Roemmich, Dean and Garzoli, S. and Le Traon, Pierre-Yves and Ravichandran, Muthalagu and Riser, Stephen and Thierry, Virginie and Wijffels, Susan and Belbéoch, Mathieu and Gould, John},
	year = {2010},
	pages = {1--13},
	file = {Full Text:C\:\\Users\\admin\\Zotero\\storage\\KI39U2TE\\Freeland et al. - 2010 - Argo—a decade of progress.pdf:application/pdf}
}

@article{funk_quasi-global_2014,
	title = {A quasi-global precipitation time series for drought monitoring},
	volume = {832},
	number = {4},
	journal = {US Geological Survey Data Series},
	author = {Funk, Chris C. and Peterson, Pete J. and Landsfeld, Martin F. and Pedreros, Diego H. and Verdin, James P. and Rowland, James D. and Romero, Bo E. and Husak, Gregory J. and Michaelsen, Joel C. and Verdin, Andrew P.},
	year = {2014},
	pages = {1--12},
	file = {Full Text:C\:\\Users\\admin\\Zotero\\storage\\CNNAK5J7\\Funk et al. - 2014 - A quasi-global precipitation time series for droug.pdf:application/pdf;Snapshot:C\:\\Users\\admin\\Zotero\\storage\\4YYRZQBH\\832.html:text/html}
}

@incollection{hartmann_observations:_2013,
	title = {Observations: atmosphere and surface},
	shorttitle = {Observations},
	booktitle = {Climate change 2013 the physical science basis: {Working} group {I} contribution to the fifth assessment report of the intergovernmental panel on climate change},
	publisher = {Cambridge University Press},
	author = {Hartmann, Dennis L. and Tank, Albert MG Klein and Rusticucci, Matilde and Alexander, Lisa V. and Brönnimann, Stefan and Charabi, Yassine Abdul Rahman and Dentener, Frank J. and Dlugokencky, Edward J. and Easterling, David R. and Kaplan, Alexey},
	year = {2013},
	pages = {159--254},
	file = {Snapshot:C\:\\Users\\admin\\Zotero\\storage\\ZD4TFSEY\\observations-atmosphere-and-surface.html:text/html}
}

@article{haywood_asymmetric_2013,
	title = {Asymmetric forcing from stratospheric aerosols impacts {Sahelian} rainfall},
	volume = {3},
	number = {7},
	journal = {Nature Climate Change},
	author = {Haywood, Jim M. and Jones, Andy and Bellouin, Nicolas and Stephenson, David},
	year = {2013},
	pages = {660},
	file = {Full Text:C\:\\Users\\admin\\Zotero\\storage\\H8AGL9E2\\Haywood et al. - 2013 - Asymmetric forcing from stratospheric aerosols imp.pdf:application/pdf}
}

@article{hegerl_use_2011,
	title = {Use of models in detection and attribution of climate change},
	volume = {2},
	number = {4},
	journal = {Wiley interdisciplinary reviews: climate change},
	author = {Hegerl, Gabriele and Zwiers, Francis},
	year = {2011},
	pages = {570--591},
	file = {Full Text:C\:\\Users\\admin\\Zotero\\storage\\DHD39QTF\\Hegerl and Zwiers - 2011 - Use of models in detection and attribution of clim.pdf:application/pdf;Snapshot:C\:\\Users\\admin\\Zotero\\storage\\MYPAIQ9G\\wcc.html:text/html}
}

@article{hegerl_detectability_2004,
	title = {Detectability of anthropogenic changes in annual temperature and precipitation extremes},
	volume = {17},
	number = {19},
	journal = {Journal of Climate},
	author = {Hegerl, Gabriele C. and Zwiers, Francis W. and Stott, Peter A. and Kharin, Viatcheslav V.},
	year = {2004},
	pages = {3683--3700},
	file = {Full Text:C\:\\Users\\admin\\Zotero\\storage\\RXDKC2L4\\Hegerl et al. - 2004 - Detectability of anthropogenic changes in annual t.pdf:application/pdf;Snapshot:C\:\\Users\\admin\\Zotero\\storage\\HKE34HZY\\1520-0442(2004)0173683DOACIA2.0.html:text/html}
}

@article{held_robust_2006,
	title = {Robust responses of the hydrological cycle to global warming},
	volume = {19},
	number = {21},
	journal = {Journal of climate},
	author = {Held, Isaac M. and Soden, Brian J.},
	year = {2006},
	pages = {5686--5699},
	file = {Full Text:C\:\\Users\\admin\\Zotero\\storage\\DK5IGH6G\\Held and Soden - 2006 - Robust responses of the hydrological cycle to glob.pdf:application/pdf;Full Text:C\:\\Users\\admin\\Zotero\\storage\\DWG6QIZV\\Held and Soden - 2006 - Robust responses of the hydrological cycle to glob.pdf:application/pdf;Snapshot:C\:\\Users\\admin\\Zotero\\storage\\S2DNSNNP\\jcli3990.html:text/html;Snapshot:C\:\\Users\\admin\\Zotero\\storage\\G847ZL77\\jcli3990.html:text/html}
}

@article{huffman_trmm_2007,
	title = {The {TRMM} multisatellite precipitation analysis ({TMPA}): {Quasi}-global, multiyear, combined-sensor precipitation estimates at fine scales},
	volume = {8},
	shorttitle = {The {TRMM} multisatellite precipitation analysis ({TMPA})},
	number = {1},
	journal = {Journal of hydrometeorology},
	author = {Huffman, George J. and Bolvin, David T. and Nelkin, Eric J. and Wolff, David B. and Adler, Robert F. and Gu, Guojun and Hong, Yang and Bowman, Kenneth P. and Stocker, Erich F.},
	year = {2007},
	pages = {38--55},
	file = {Full Text:C\:\\Users\\admin\\Zotero\\storage\\EKLVAM8W\\Huffman et al. - 2007 - The TRMM multisatellite precipitation analysis (TM.pdf:application/pdf;Snapshot:C\:\\Users\\admin\\Zotero\\storage\\SPBIZGIX\\JHM560.html:text/html}
}

@article{hwang_anthropogenic_2013,
	title = {Anthropogenic sulfate aerosol and the southward shift of tropical precipitation in the late 20th century},
	volume = {40},
	number = {11},
	journal = {Geophysical Research Letters},
	author = {Hwang, Yen-Ting and Frierson, Dargan MW and Kang, Sarah M.},
	year = {2013},
	pages = {2845--2850},
	file = {Full Text:C\:\\Users\\admin\\Zotero\\storage\\WZKIEKPH\\grl.html:text/html;Snapshot:C\:\\Users\\admin\\Zotero\\storage\\4CR9MNAV\\grl.html:text/html}
}

@article{iles_global_2014,
	title = {The global precipitation response to volcanic eruptions in the {CMIP}5 models},
	volume = {9},
	number = {10},
	journal = {Environmental Research Letters},
	author = {Iles, Carley E. and Hegerl, Gabriele C.},
	year = {2014},
	pages = {104012},
	file = {Full Text:C\:\\Users\\admin\\Zotero\\storage\\MVHH2FGV\\Iles and Hegerl - 2014 - The global precipitation response to volcanic erup.pdf:application/pdf;Snapshot:C\:\\Users\\admin\\Zotero\\storage\\7226B9TX\\meta.html:text/html}
}

@article{johns_climate_2011,
	title = {Climate change under aggressive mitigation: the {ENSEMBLES} multi-model experiment},
	volume = {37},
	shorttitle = {Climate change under aggressive mitigation},
	number = {9-10},
	journal = {Climate Dynamics},
	author = {Johns, T. C. and Royer, J.-F. and Höschel, I. and Huebener, H. and Roeckner, E. and Manzini, E. and May, W. and Dufresne, J.-L. and Otter{\textbackslash}aa, O. H. and Van Vuuren, D. P.},
	year = {2011},
	pages = {1975--2003}
}

@article{josey_surface_2005,
	title = {Surface freshwater flux variability and recent freshening of the {North} {Atlantic} in the eastern subpolar gyre},
	volume = {110},
	number = {C5},
	journal = {Journal of Geophysical Research: Oceans},
	author = {Josey, Simon A. and Marsh, Robert},
	year = {2005},
	file = {Snapshot:C\:\\Users\\admin\\Zotero\\storage\\VGRXDG3F\\2004JC002521.html:text/html}
}

@article{joshi_mechanisms_2008,
	title = {Mechanisms for the land/sea warming contrast exhibited by simulations of climate change},
	volume = {30},
	number = {5},
	journal = {Climate Dynamics},
	author = {Joshi, Manoj M. and Gregory, Jonathan M. and Webb, Mark J. and Sexton, David MH and Johns, Tim C.},
	year = {2008},
	pages = {455--465}
}

@article{kendon_realism_2012,
	title = {Realism of rainfall in a very high-resolution regional climate model},
	volume = {25},
	number = {17},
	journal = {Journal of Climate},
	author = {Kendon, Elizabeth J. and Roberts, Nigel M. and Senior, Catherine A. and Roberts, Malcolm J.},
	year = {2012},
	pages = {5791--5806},
	file = {Full Text:C\:\\Users\\admin\\Zotero\\storage\\IVNHE4ZG\\Kendon et al. - 2012 - Realism of rainfall in a very high-resolution regi.pdf:application/pdf;Snapshot:C\:\\Users\\admin\\Zotero\\storage\\A9I54NE5\\JCLI-D-11-00562.html:text/html}
}

@article{kendon_heavier_2014,
	title = {Heavier summer downpours with climate change revealed by weather forecast resolution model},
	volume = {4},
	number = {7},
	journal = {Nature Climate Change},
	author = {Kendon, Elizabeth J. and Roberts, Nigel M. and Fowler, Hayley J. and Roberts, Malcolm J. and Chan, Steven C. and Senior, Catherine A.},
	year = {2014},
	pages = {570},
	file = {Snapshot:C\:\\Users\\admin\\Zotero\\storage\\2ILUJLP9\\nclimate2258.html:text/html}
}

@article{kenyon_influence_2010,
	title = {Influence of modes of climate variability on global precipitation extremes},
	volume = {23},
	number = {23},
	journal = {Journal of Climate},
	author = {Kenyon, Jesse and Hegerl, Gabriele C.},
	year = {2010},
	pages = {6248--6262},
	file = {Full Text:C\:\\Users\\admin\\Zotero\\storage\\8H5ZLNSN\\Kenyon and Hegerl - 2010 - Influence of modes of climate variability on globa.pdf:application/pdf;Snapshot:C\:\\Users\\admin\\Zotero\\storage\\XVC995FP\\2010JCLI3617.html:text/html}
}

@article{kharin_changes_2013,
	title = {Changes in temperature and precipitation extremes in the {CMIP}5 ensemble},
	volume = {119},
	number = {2},
	journal = {Climatic change},
	author = {Kharin, Viatcheslav V. and Zwiers, F. W. and Zhang, Xuebin and Wehner, Michael},
	year = {2013},
	pages = {345--357}
}

@article{kidd_global_2011,
	title = {Global precipitation measurement},
	volume = {18},
	number = {3},
	journal = {Meteorological Applications},
	author = {Kidd, Chris and Huffman, George},
	year = {2011},
	pages = {334--353}
}

@article{kitoh_monsoons_2013,
	title = {Monsoons in a changing world: a regional perspective in a global context},
	volume = {118},
	shorttitle = {Monsoons in a changing world},
	number = {8},
	journal = {Journal of Geophysical Research: Atmospheres},
	author = {Kitoh, Akio and Endo, Hirokazu and Krishna Kumar, K. and Cavalcanti, Iracema FA and Goswami, Prashant and Zhou, Tianjun},
	year = {2013},
	pages = {3053--3065},
	file = {Full Text:C\:\\Users\\admin\\Zotero\\storage\\DPDECBDA\\jgrd.html:text/html;Snapshot:C\:\\Users\\admin\\Zotero\\storage\\ZUKNVI9Q\\jgrd.html:text/html}
}

@article{kundzewicz_freshwater_2007,
	title = {Freshwater resources and their management},
	author = {Kundzewicz, Zbigniew W. and Mata, Luis Jose and Arnell, N. W. and Doll, Petra and Kabat, Pavel and Jimenez, Blanca and Miller, Kathleen and Oki, Taikan and Zekai, S. and Shiklomanov, Igor},
	year = {2007},
	file = {Snapshot:C\:\\Users\\admin\\Zotero\\storage\\DDAQUD2H\\1017.html:text/html}
}

@article{lambert_dependency_2008,
	title = {Dependency of global mean precipitation on surface temperature},
	volume = {35},
	number = {16},
	journal = {Geophysical Research Letters},
	author = {Lambert, F. Hugo and Webb, Mark J.},
	year = {2008},
	file = {Full Text:C\:\\Users\\admin\\Zotero\\storage\\ZZMTNE8B\\2008GL034838.html:text/html;Snapshot:C\:\\Users\\admin\\Zotero\\storage\\34X9FS5U\\2008gl034838.html:text/html}
}

@article{lau_asian_2006,
	title = {Asian summer monsoon anomalies induced by aerosol direct forcing: the role of the {Tibetan} {Plateau}},
	volume = {26},
	shorttitle = {Asian summer monsoon anomalies induced by aerosol direct forcing},
	number = {7-8},
	journal = {Climate dynamics},
	author = {Lau, K. M. and Kim, M. K. and Kim, K. M.},
	year = {2006},
	pages = {855--864}
}

@article{lazo_us_2011,
	title = {{US} economic sensitivity to weather variability},
	volume = {92},
	number = {6},
	journal = {Bulletin of the American Meteorological Society},
	author = {Lazo, Jeffrey K. and Lawson, Megan and Larsen, Peter H. and Waldman, Donald M.},
	year = {2011},
	pages = {709--720},
	file = {Full Text:C\:\\Users\\admin\\Zotero\\storage\\DATBJRWC\\Lazo et al. - 2011 - US economic sensitivity to weather variability.pdf:application/pdf;Snapshot:C\:\\Users\\admin\\Zotero\\storage\\8ZQ9YSQ8\\2011BAMS2928.html:text/html}
}

@article{leibensperger_climatic_2012,
	title = {Climatic effects of 1950–2050 changes in {US} anthropogenic aerosols–{Part} 2: {Climate} response},
	volume = {12},
	shorttitle = {Climatic effects of 1950–2050 changes in {US} anthropogenic aerosols–{Part} 2},
	number = {7},
	journal = {Atmospheric Chemistry and Physics},
	author = {Leibensperger, E. M. and Mickley, Loretta J. and Jacob, Daniel J. and Chen, W.-T. and Seinfeld, J. H. and Nenes, Athanasios and Adams, P. J. and Streets, D. G. and Kumar, N. and Rind, D.},
	year = {2012},
	pages = {3349--3362},
	file = {Full Text:C\:\\Users\\admin\\Zotero\\storage\\J5V4L5TW\\Leibensperger et al. - 2012 - Climatic effects of 1950–2050 changes in US anthro.pdf:application/pdf;Snapshot:C\:\\Users\\admin\\Zotero\\storage\\I5VKWUV3\\acp-12-3349-2012.html:text/html}
}

@article{lenderink_increase_2008,
	title = {Increase in hourly precipitation extremes beyond expectations from temperature changes},
	volume = {1},
	number = {8},
	journal = {Nature Geoscience},
	author = {Lenderink, Geert and Van Meijgaard, Erik},
	year = {2008},
	pages = {511},
	file = {Full Text:C\:\\Users\\admin\\Zotero\\storage\\4ZT25CL6\\Lenderink and Van Meijgaard - 2008 - Increase in hourly precipitation extremes beyond e.pdf:application/pdf}
}

@article{levy_can_2013,
	title = {Can correcting feature location in simulated mean climate improve agreement on projected changes?},
	volume = {40},
	number = {2},
	journal = {Geophysical Research Letters},
	author = {Levy, Adam AL and Ingram, William and Jenkinson, Mark and Huntingford, Chris and Hugo Lambert, F. and Allen, Myles},
	year = {2013},
	pages = {354--358},
	file = {Snapshot:C\:\\Users\\admin\\Zotero\\storage\\GTHZ8MRT\\2012GL053964.html:text/html}
}

@article{levy_roles_2013,
	title = {The roles of aerosol direct and indirect effects in past and future climate change},
	volume = {118},
	number = {10},
	journal = {Journal of Geophysical Research: Atmospheres},
	author = {Levy, Hiram and Horowitz, Larry W. and Schwarzkopf, M. Daniel and Ming, Yi and Golaz, Jean-Christophe and Naik, Vaishali and Ramaswamy, Venkatachalam},
	year = {2013},
	pages = {4521--4532},
	file = {Snapshot:C\:\\Users\\admin\\Zotero\\storage\\A5TGCW5S\\jgrd.html:text/html}
}

@article{liepert_can_2004,
	title = {Can aerosols spin down the water cycle in a warmer and moister world?},
	volume = {31},
	number = {6},
	journal = {Geophysical Research Letters},
	author = {Liepert, Beate G. and Feichter, Johann and Lohmann, Ulrike and Roeckner, Erich},
	year = {2004},
	file = {Full Text:C\:\\Users\\admin\\Zotero\\storage\\LHX5ATY9\\2003GL019060.html:text/html;Snapshot:C\:\\Users\\admin\\Zotero\\storage\\NKYT9LXR\\2003GL019060.html:text/html}
}

@article{liu_multisatellite_2012,
	title = {Multisatellite observed responses of precipitation and its extremes to interannual climate variability},
	volume = {117},
	number = {D3},
	journal = {Journal of Geophysical Research: Atmospheres},
	author = {Liu, Chunlei and Allan, Richard P.},
	year = {2012},
	file = {Snapshot:C\:\\Users\\admin\\Zotero\\storage\\XHBVJJ7C\\2011JD016568.html:text/html}
}

@article{liu_observed_2013,
	title = {Observed and simulated precipitation responses in wet and dry regions 1850–2100},
	volume = {8},
	number = {3},
	journal = {Environmental Research Letters},
	author = {Liu, Chunlei and Allan, Richard P.},
	year = {2013},
	pages = {034002},
	file = {Full Text:C\:\\Users\\admin\\Zotero\\storage\\UCWFDY2X\\Liu and Allan - 2013 - Observed and simulated precipitation responses in .pdf:application/pdf;Snapshot:C\:\\Users\\admin\\Zotero\\storage\\8WMYBPP3\\meta.html:text/html}
}

@article{liu_dynamics_2012,
	title = {Dynamics of interdecadal climate variability: {A} historical perspective},
	volume = {25},
	shorttitle = {Dynamics of interdecadal climate variability},
	number = {6},
	journal = {Journal of Climate},
	author = {Liu, Zhengyu},
	year = {2012},
	pages = {1963--1995},
	file = {Full Text:C\:\\Users\\admin\\Zotero\\storage\\4KLAMPBG\\Liu - 2012 - Dynamics of interdecadal climate variability A hi.pdf:application/pdf;Snapshot:C\:\\Users\\admin\\Zotero\\storage\\Y5NRIECH\\2011jcli3980.html:text/html}
}

@article{lu_expansion_2007,
	title = {Expansion of the {Hadley} cell under global warming},
	volume = {34},
	number = {6},
	journal = {Geophysical Research Letters},
	author = {Lu, Jian and Vecchi, Gabriel A. and Reichler, Thomas},
	year = {2007},
	file = {Full Text:C\:\\Users\\admin\\Zotero\\storage\\FGDCT39F\\2006GL028443.html:text/html;Snapshot:C\:\\Users\\admin\\Zotero\\storage\\Y6YXD5N5\\2006gl028443.html:text/html}
}

@article{maidment_30_2014,
	title = {The 30 year {TAMSAT} {African} rainfall climatology and time series ({TARCAT}) data set},
	volume = {119},
	number = {18},
	journal = {Journal of Geophysical Research: Atmospheres},
	author = {Maidment, Ross I. and Grimes, David and Allan, Richard P. and Tarnavsky, Elena and Stringer, Marc and Hewison, Tim and Roebeling, Rob and Black, Emily},
	year = {2014},
	pages = {10--619},
	file = {Snapshot:C\:\\Users\\admin\\Zotero\\storage\\INCRMFVY\\2014JD021927.html:text/html}
}

@article{manabe_distribution_1980,
	title = {On the distribution of climate change resulting from an increase in {CO}2 content of the atmosphere},
	volume = {37},
	number = {1},
	journal = {Journal of the Atmospheric Sciences},
	author = {Manabe, Syukuro and Wetherald, Richard T.},
	year = {1980},
	pages = {99--118},
	file = {Full Text:C\:\\Users\\admin\\Zotero\\storage\\M97GP9BF\\Manabe and Wetherald - 1980 - On the distribution of climate change resulting fr.pdf:application/pdf;Snapshot:C\:\\Users\\admin\\Zotero\\storage\\L6C8LC8C\\1520-0469(1980)0370099OTDOCC2.0.html:text/html}
}

@article{marvel_identifying_2013,
	title = {Identifying external influences on global precipitation},
	volume = {110},
	number = {48},
	journal = {Proceedings of the National Academy of Sciences},
	author = {Marvel, Kate and Bonfils, Céline},
	year = {2013},
	pages = {19301--19306},
	file = {Full Text:C\:\\Users\\admin\\Zotero\\storage\\SK3U64J7\\Marvel and Bonfils - 2013 - Identifying external influences on global precipit.pdf:application/pdf;Snapshot:C\:\\Users\\admin\\Zotero\\storage\\I7TDZ2HY\\19301.html:text/html}
}

@book{solomon_climate_2007,
	title = {Climate change 2007-the physical science basis: {Working} group {I} contribution to the fourth assessment report of the {IPCC}},
	volume = {4},
	shorttitle = {Climate change 2007-the physical science basis},
	publisher = {Cambridge university press},
	author = {Solomon, Susan and Qin, Dahe and Manning, Martin and Averyt, Kristen and Marquis, Melinda and Tignor, Melinda MB},
	year = {2007},
	file = {Full Text:C\:\\Users\\admin\\Zotero\\storage\\Q5HZGXVD\\Solomon et al. - 2007 - Climate change 2007-the physical science basis Wo.pdf:application/pdf;Snapshot:C\:\\Users\\admin\\Zotero\\storage\\Z6CIW8MT\\books.html:text/html}
}

@article{meehl_effects_2008,
	title = {Effects of black carbon aerosols on the {Indian} monsoon},
	volume = {21},
	number = {12},
	journal = {Journal of Climate},
	author = {Meehl, Gerald A. and Arblaster, Julie M. and Collins, William D.},
	year = {2008},
	pages = {2869--2882},
	file = {Full Text:C\:\\Users\\admin\\Zotero\\storage\\J5657FSQ\\Meehl et al. - 2008 - Effects of black carbon aerosols on the Indian mon.pdf:application/pdf;Snapshot:C\:\\Users\\admin\\Zotero\\storage\\52BZ4BHI\\2007JCLI1777.html:text/html}
}

@article{menne_overview_2012,
	title = {An overview of the global historical climatology network-daily database},
	volume = {29},
	number = {7},
	journal = {Journal of Atmospheric and Oceanic Technology},
	author = {Menne, Matthew J. and Durre, Imke and Vose, Russell S. and Gleason, Byron E. and Houston, Tamara G.},
	year = {2012},
	pages = {897--910},
	file = {Full Text:C\:\\Users\\admin\\Zotero\\storage\\ANKDX8ZD\\Menne et al. - 2012 - An overview of the global historical climatology n.pdf:application/pdf;Snapshot:C\:\\Users\\admin\\Zotero\\storage\\MYZI2MBK\\JTECH-D-11-00103.html:text/html}
}

@inproceedings{michelson_wmo_2013,
	title = {{WMO} initiative for the global exchange of radar data},
	booktitle = {36th {Conference} on {Radar} {Meteorology}},
	author = {Michelson, Daniel and Joe, Paul and Lockett, Dean and Goldstraw, Stuart and Bai, Li and Becker, Andreas and Georgakakos, Konstantine and Foreman, Steve and Fucile, Enrico and Giraud, Remy},
	year = {2013},
	pages = {16--20}
}

@article{min_human-induced_2008,
	title = {Human-induced {Arctic} moistening},
	volume = {320},
	number = {5875},
	journal = {Science},
	author = {Min, Seung-Ki and Zhang, Xuebin and Zwiers, Francis},
	year = {2008},
	pages = {518--520},
	file = {Snapshot:C\:\\Users\\admin\\Zotero\\storage\\ULRKXI6M\\518.html:text/html}
}

@article{min_human_2011,
	title = {Human contribution to more-intense precipitation extremes},
	volume = {470},
	number = {7334},
	journal = {Nature},
	author = {Min, Seung-Ki and Zhang, Xuebin and Zwiers, Francis W. and Hegerl, Gabriele C.},
	year = {2011},
	pages = {378},
	file = {Full Text:C\:\\Users\\admin\\Zotero\\storage\\E4J5LSZJ\\login.html:text/html}
}

@article{ming_model_2011,
	title = {A model investigation of aerosol-induced changes in tropical circulation},
	volume = {24},
	number = {19},
	journal = {Journal of Climate},
	author = {Ming, Yi and Ramaswamy, Venkatachalam},
	year = {2011},
	pages = {5125--5133},
	file = {Full Text:C\:\\Users\\admin\\Zotero\\storage\\9ZXQPDTC\\Ming and Ramaswamy - 2011 - A model investigation of aerosol-induced changes i.pdf:application/pdf;Snapshot:C\:\\Users\\admin\\Zotero\\storage\\E2RYNDXH\\2011JCLI4108.html:text/html}
}

@article{morice_quantifying_2012,
	title = {Quantifying uncertainties in global and regional temperature change using an ensemble of observational estimates: {The} {HadCRUT}4 data set},
	volume = {117},
	shorttitle = {Quantifying uncertainties in global and regional temperature change using an ensemble of observational estimates},
	number = {D8},
	journal = {Journal of Geophysical Research: Atmospheres},
	author = {Morice, Colin P. and Kennedy, John J. and Rayner, Nick A. and Jones, Phil D.},
	year = {2012},
	file = {Full Text:C\:\\Users\\admin\\Zotero\\storage\\C6XP66Q8\\2011JD017187.html:text/html;Snapshot:C\:\\Users\\admin\\Zotero\\storage\\8KEUE7EV\\2011JD017187.html:text/html}
}

@article{ogorman_sensitivity_2012,
	title = {Sensitivity of tropical precipitation extremes to climate change},
	volume = {5},
	number = {10},
	journal = {Nature Geoscience},
	author = {O’Gorman, Paul A.},
	year = {2012},
	pages = {697},
	file = {Full Text:C\:\\Users\\admin\\Zotero\\storage\\NRW2WQRL\\O’Gorman - 2012 - Sensitivity of tropical precipitation extremes to .pdf:application/pdf}
}

@article{ogorman_energetic_2012,
	title = {Energetic constraints on precipitation under climate change},
	volume = {33},
	number = {3-4},
	journal = {Surveys in geophysics},
	author = {O’Gorman, Paul A. and Allan, Richard P. and Byrne, Michael P. and Previdi, Michael},
	year = {2012},
	pages = {585--608}
}

@article{osborn_areal_1997,
	title = {Areal and point precipitation intensity changes: {Implications} for the application of climate models},
	volume = {24},
	shorttitle = {Areal and point precipitation intensity changes},
	number = {22},
	journal = {Geophysical research letters},
	author = {Osborn, Timothy J.},
	year = {1997},
	pages = {2829--2832},
	file = {Snapshot:C\:\\Users\\admin\\Zotero\\storage\\3THG9TXT\\97GL02976.html:text/html}
}

@article{pall_anthropogenic_2011,
	title = {Anthropogenic greenhouse gas contribution to flood risk in {England} and {Wales} in autumn 2000},
	volume = {470},
	number = {7334},
	journal = {Nature},
	author = {Pall, Pardeep and Aina, Tolu and Stone, Daithi A. and Stott, Peter A. and Nozawa, Toru and Hilberts, Arno GJ and Lohmann, Dag and Allen, Myles R.},
	year = {2011},
	pages = {382},
	file = {Full Text:C\:\\Users\\admin\\Zotero\\storage\\3V3LUQGB\\login.html:text/html}
}

@article{pendergrass_global-mean_2012,
	title = {Global-mean precipitation and black carbon in {AR}4 simulations},
	volume = {39},
	number = {1},
	journal = {Geophysical Research Letters},
	author = {Pendergrass, A. G. and Hartmann, D. L.},
	year = {2012},
	file = {Snapshot:C\:\\Users\\admin\\Zotero\\storage\\VYZY52BW\\2011gl050067.html:text/html}
}

@article{pendergrass_atmospheric_2014,
	title = {The atmospheric energy constraint on global-mean precipitation change},
	volume = {27},
	number = {2},
	journal = {Journal of Climate},
	author = {Pendergrass, Angeline G. and Hartmann, Dennis L.},
	year = {2014},
	pages = {757--768},
	file = {Full Text:C\:\\Users\\admin\\Zotero\\storage\\HZ5ZL85Z\\Pendergrass and Hartmann - 2014 - The atmospheric energy constraint on global-mean p.pdf:application/pdf;Snapshot:C\:\\Users\\admin\\Zotero\\storage\\4SJMLIS5\\JCLI-D-13-00163.html:text/html}
}

@article{peterson_overview_1997,
	title = {An overview of the {Global} {Historical} {Climatology} {Network} temperature database},
	volume = {78},
	number = {12},
	journal = {Bulletin of the American Meteorological Society},
	author = {Peterson, Thomas C. and Vose, Russell S.},
	year = {1997},
	pages = {2837--2850},
	file = {Full Text:C\:\\Users\\admin\\Zotero\\storage\\689Y3WVB\\Peterson and Vose - 1997 - An overview of the Global Historical Climatology N.pdf:application/pdf;Snapshot:C\:\\Users\\admin\\Zotero\\storage\\J69BUYAT\\1520-0477(1997)0782837AOOTGH2.0.html:text/html}
}

@article{peterson_explaining_2012,
	title = {Explaining extreme events of 2011 from a climate perspective},
	volume = {93},
	number = {7},
	journal = {Bulletin of the American Meteorological Society},
	author = {Peterson, Thomas C. and Stott, Peter A. and Herring, Stephanie},
	year = {2012},
	pages = {1041--1067},
	file = {Full Text:C\:\\Users\\admin\\Zotero\\storage\\5H2MK984\\Peterson et al. - 2012 - Explaining extreme events of 2011 from a climate p.pdf:application/pdf;Snapshot:C\:\\Users\\admin\\Zotero\\storage\\Z9HGYJ3H\\BAMS-D-12-00021.html:text/html}
}

@article{peterson_explaining_2013,
	title = {Explaining extreme events of 2012 from a climate perspective},
	volume = {94},
	number = {9},
	journal = {Bulletin of the American Meteorological Society},
	author = {Peterson, Thomas C. and Hoerling, Martin P. and Stott, Peter A. and Herring, Stephanie C.},
	year = {2013},
	pages = {S1--S74},
	file = {Full Text:C\:\\Users\\admin\\Zotero\\storage\\JCLYQCI5\\Peterson et al. - 2013 - Explaining extreme events of 2012 from a climate p.pdf:application/pdf}
}

@article{pierce_fingerprint_2012,
	title = {The fingerprint of human-induced changes in the ocean's salinity and temperature fields},
	volume = {39},
	number = {21},
	journal = {Geophysical Research Letters},
	author = {Pierce, David W. and Gleckler, Peter J. and Barnett, Tim P. and Santer, Benjamin D. and Durack, Paul J.},
	year = {2012},
	file = {Full Text:C\:\\Users\\admin\\Zotero\\storage\\L7TZX55G\\2012GL053389.html:text/html;Snapshot:C\:\\Users\\admin\\Zotero\\storage\\YMKEK3VP\\2012GL053389.html:text/html}
}

@article{polson_have_2013,
	title = {Have greenhouse gases intensified the contrast between wet and dry regions?},
	volume = {40},
	number = {17},
	journal = {Geophysical Research Letters},
	author = {Polson, D. and Hegerl, G. C. and Allan, R. P. and Sarojini, B. Balan},
	year = {2013},
	pages = {4783--4787},
	file = {Full Text:C\:\\Users\\admin\\Zotero\\storage\\XWYHT3C6\\grl.html:text/html;Snapshot:C\:\\Users\\admin\\Zotero\\storage\\PXVNDUIZ\\grl.html:text/html}
}

@article{polson_causes_2013,
	title = {Causes of robust seasonal land precipitation changes},
	volume = {26},
	number = {17},
	journal = {Journal of Climate},
	author = {Polson, Debbie and Hegerl, Gabriele C. and Zhang, Xuebin and Osborn, Timothy J.},
	year = {2013},
	pages = {6679--6697},
	file = {Full Text:C\:\\Users\\admin\\Zotero\\storage\\I62QP95C\\Polson et al. - 2013 - Causes of robust seasonal land precipitation chang.pdf:application/pdf;Snapshot:C\:\\Users\\admin\\Zotero\\storage\\8Y6KUMSQ\\JCLI-D-12-00474.html:text/html}
}

@article{polson_decreased_2014,
	title = {Decreased monsoon precipitation in the {Northern} {Hemisphere} due to anthropogenic aerosols},
	volume = {41},
	number = {16},
	journal = {Geophysical Research Letters},
	author = {Polson, D. and Bollasina, M. and Hegerl, G. C. and Wilcox, L. J.},
	year = {2014},
	pages = {6023--6029},
	file = {Snapshot:C\:\\Users\\admin\\Zotero\\storage\\JJQ4KGCK\\2014GL060811.html:text/html}
}

@article{rawlins_analysis_2010,
	title = {Analysis of the {Arctic} system for freshwater cycle intensification: {Observations} and expectations},
	volume = {23},
	shorttitle = {Analysis of the {Arctic} system for freshwater cycle intensification},
	number = {21},
	journal = {Journal of Climate},
	author = {Rawlins, Michael A. and Steele, Michael and Holland, Marika M. and Adam, Jennifer C. and Cherry, Jessica E. and Francis, Jennifer A. and Groisman, Pavel Ya and Hinzman, Larry D. and Huntington, Thomas G. and Kane, Douglas L.},
	year = {2010},
	pages = {5715--5737},
	file = {Full Text:C\:\\Users\\admin\\Zotero\\storage\\35C7Z788\\Rawlins et al. - 2010 - Analysis of the Arctic system for freshwater cycle.pdf:application/pdf;Snapshot:C\:\\Users\\admin\\Zotero\\storage\\8NYIG4X5\\2010JCLI3421.html:text/html}
}

@article{richter_muted_2008,
	title = {Muted precipitation increase in global warming simulations: {A} surface evaporation perspective},
	volume = {113},
	shorttitle = {Muted precipitation increase in global warming simulations},
	number = {D24},
	journal = {Journal of Geophysical Research: Atmospheres},
	author = {Richter, Ingo and Xie, Shang-Ping},
	year = {2008},
	file = {Snapshot:C\:\\Users\\admin\\Zotero\\storage\\TLFLMDC4\\2008JD010561.html:text/html}
}

@article{rotstayn_tropical_2002,
	title = {Tropical rainfall trends and the indirect aerosol effect},
	volume = {15},
	number = {15},
	journal = {Journal of Climate},
	author = {Rotstayn, Leon D. and Lohmann, Ulrike},
	year = {2002},
	pages = {2103--2116},
	file = {Full Text:C\:\\Users\\admin\\Zotero\\storage\\EB469RNR\\Rotstayn and Lohmann - 2002 - Tropical rainfall trends and the indirect aerosol .pdf:application/pdf;Snapshot:C\:\\Users\\admin\\Zotero\\storage\\BPAQ8TIP\\1520-0442(2002)0152103TRTATI2.0.html:text/html}
}

@article{rotstayn_precipitation_2000,
	title = {Precipitation changes in a {GCM} resulting from the indirect effects of anthropogenic aerosols},
	volume = {27},
	number = {19},
	journal = {Geophysical Research Letters},
	author = {Rotstayn, Leon D. and Ryan, Brian F. and Penner, Joyce E.},
	year = {2000},
	pages = {3045--3048},
	file = {Snapshot:C\:\\Users\\admin\\Zotero\\storage\\3FENK8YT\\2000GL011737.html:text/html}
}

@article{rotstayn_aerosol-induced_2012,
	title = {Aerosol-induced changes in summer rainfall and circulation in the {Australasian} region: a study using single-forcing climate simulations.},
	volume = {12},
	shorttitle = {Aerosol-induced changes in summer rainfall and circulation in the {Australasian} region},
	number = {2},
	journal = {Atmospheric Chemistry \& Physics Discussions},
	author = {Rotstayn, L. D. and Jeffrey, S. J. and Collier, M. A. and Dravitzki, S. M. and Hirst, A. C. and Syktus, J. I. and Wong, K. K.},
	year = {2012},
	file = {Snapshot:C\:\\Users\\admin\\Zotero\\storage\\JI9ITP9Y\\plink.html:text/html}
}

@article{santer_identification_2007,
	title = {Identification of human-induced changes in atmospheric moisture content},
	volume = {104},
	number = {39},
	journal = {Proceedings of the National Academy of Sciences},
	author = {Santer, Benjamin D. and Mears, C. and Wentz, F. J. and Taylor, K. E. and Gleckler, P. J. and Wigley, T. M. L. and Barnett, T. P. and Boyle, J. S. and Brüggemann, W. and Gillett, N. P.},
	year = {2007},
	pages = {15248--15253},
	file = {Full Text:C\:\\Users\\admin\\Zotero\\storage\\H3JZG97K\\15248.html:text/html}
}

@article{santer_incorporating_2009,
	title = {Incorporating model quality information in climate change detection and attribution studies},
	volume = {106},
	number = {35},
	journal = {Proceedings of the National Academy of Sciences},
	author = {Santer, Benjamin D. and Taylor, K. E. and Gleckler, Peter J. and Bonfils, Celine and Barnett, Tim P. and Pierce, D. W. and Wigley, T. M. L. and Mears, C. and Wentz, F. J. and Brüggemann, W.},
	year = {2009},
	pages = {14778--14783},
	file = {Full Text:C\:\\Users\\admin\\Zotero\\storage\\KC5SICDB\\14778.html:text/html}
}

@article{scheff_twenty-first-century_2012,
	title = {Twenty-first-century multimodel subtropical precipitation declines are mostly midlatitude shifts},
	volume = {25},
	number = {12},
	journal = {Journal of Climate},
	author = {Scheff, Jack and Frierson, Dargan},
	year = {2012},
	pages = {4330--4347},
	file = {Full Text:C\:\\Users\\admin\\Zotero\\storage\\QMYD3R5R\\Scheff and Frierson - 2012 - Twenty-first-century multimodel subtropical precip.pdf:application/pdf;Snapshot:C\:\\Users\\admin\\Zotero\\storage\\P2LQTL8E\\JCLI-D-11-00393.html:text/html}
}

@article{scheff_robust_2012,
	title = {Robust future precipitation declines in {CMIP}5 largely reflect the poleward expansion of model subtropical dry zones},
	volume = {39},
	number = {18},
	journal = {Geophysical Research Letters},
	author = {Scheff, Jack and Frierson, Dargan MW},
	year = {2012},
	file = {Full Text:C\:\\Users\\admin\\Zotero\\storage\\CNU2V6CN\\2012GL052910.html:text/html;Snapshot:C\:\\Users\\admin\\Zotero\\storage\\M244RL2G\\2012GL052910.html:text/html}
}

@article{schubert_us_2009,
	title = {A {US} {CLIVAR} project to assess and compare the responses of global climate models to drought-related {SST} forcing patterns: overview and results},
	volume = {22},
	shorttitle = {A {US} {CLIVAR} project to assess and compare the responses of global climate models to drought-related {SST} forcing patterns},
	number = {19},
	journal = {Journal of Climate},
	author = {Schubert, Siegfried and Gutzler, David and Wang, Hailan and Dai, Aiguo and Delworth, Tom and Deser, Clara and Findell, Kirsten and Fu, Rong and Higgins, Wayne and Hoerling, Martin},
	year = {2009},
	pages = {5251--5272},
	file = {Full Text:C\:\\Users\\admin\\Zotero\\storage\\JR3WJXXZ\\Schubert et al. - 2009 - A US CLIVAR project to assess and compare the resp.pdf:application/pdf;Snapshot:C\:\\Users\\admin\\Zotero\\storage\\AGCMQ5EI\\2009JCLI3060.html:text/html}
}

@article{seager_mechanisms-based_2012,
	title = {A mechanisms-based approach to detecting recent anthropogenic hydroclimate change},
	volume = {25},
	number = {1},
	journal = {Journal of Climate},
	author = {Seager, Richard and Naik, Naomi},
	year = {2012},
	pages = {236--261},
	file = {Full Text:C\:\\Users\\admin\\Zotero\\storage\\7HAAWS8N\\Seager and Naik - 2012 - A mechanisms-based approach to detecting recent an.pdf:application/pdf;Snapshot:C\:\\Users\\admin\\Zotero\\storage\\B4AYRHQY\\JCLI-D-11-00056.html:text/html}
}

@article{seidel_widening_2008,
	title = {Widening of the tropical belt in a changing climate},
	volume = {1},
	number = {1},
	journal = {Nature geoscience},
	author = {Seidel, Dian J. and Fu, Qiang and Randel, William J. and Reichler, Thomas J.},
	year = {2008},
	pages = {21},
	file = {Full Text:C\:\\Users\\admin\\Zotero\\storage\\TZFU5Z6D\\Seidel et al. - 2008 - Widening of the tropical belt in a changing climat.pdf:application/pdf;Snapshot:C\:\\Users\\admin\\Zotero\\storage\\JKETXJXM\\ngeo.2007.html:text/html}
}

@article{shindell_precipitation_2012,
	title = {Precipitation response to regional radiative forcing},
	volume = {12},
	number = {15},
	journal = {Atmospheric Chemistry and Physics},
	author = {Shindell, Drew T. and Voulgarakis, A. and Faluvegi, G. and Milly, G.},
	year = {2012},
	pages = {6969--6982},
	file = {Full Text:C\:\\Users\\admin\\Zotero\\storage\\KWQESFYL\\Shindell et al. - 2012 - Precipitation response to regional radiative forci.pdf:application/pdf;Snapshot:C\:\\Users\\admin\\Zotero\\storage\\LL5CFBK9\\acp-12-6969-2012.html:text/html}
}

@article{simmons_low-frequency_2010,
	title = {Low-frequency variations in surface atmospheric humidity, temperature, and precipitation: {Inferences} from reanalyses and monthly gridded observational data sets},
	volume = {115},
	shorttitle = {Low-frequency variations in surface atmospheric humidity, temperature, and precipitation},
	number = {D1},
	journal = {Journal of Geophysical Research: Atmospheres},
	author = {Simmons, A. J. and Willett, K. M. and Jones, P. D. and Thorne, P. W. and Dee, D. P.},
	year = {2010},
	file = {Full Text:C\:\\Users\\admin\\Zotero\\storage\\ES5LC68J\\2009JD012442.html:text/html;Snapshot:C\:\\Users\\admin\\Zotero\\storage\\M9595UA2\\2009jd012442.html:text/html}
}

@article{skliris_salinity_2014,
	title = {Salinity changes in the {World} {Ocean} since 1950 in relation to changing surface freshwater fluxes},
	volume = {43},
	number = {3-4},
	journal = {Climate dynamics},
	author = {Skliris, Nikolaos and Marsh, Robert and Josey, Simon A. and Good, Simon A. and Liu, Chunlei and Allan, Richard P.},
	year = {2014},
	pages = {709--736},
	file = {Full Text:C\:\\Users\\admin\\Zotero\\storage\\LFPTV9ZK\\s00382-014-2131-7.html:text/html}
}

@article{stott_detection_2008,
	title = {Detection and attribution of {Atlantic} salinity changes},
	volume = {35},
	number = {21},
	journal = {Geophysical Research Letters},
	author = {Stott, Peter A. and Sutton, Rowan T. and Smith, Doug M.},
	year = {2008},
	file = {Full Text:C\:\\Users\\admin\\Zotero\\storage\\RW62925V\\2008GL035874.html:text/html;Snapshot:C\:\\Users\\admin\\Zotero\\storage\\FBQ9XUCH\\2008GL035874.html:text/html}
}

@book{stott_detection_2010,
	title = {Detection and attribution of climate change: a regional perspective, {WIREs} {Climate} {Change}, 1, 192–211},
	shorttitle = {Detection and attribution of climate change},
	publisher = {DOI},
	author = {Stott, P. A. and Gillett, N. P. and Hegerl, G. C. and Karoly, D. J. and Stone, D. A. and Zhang, X. and Zwiers, F.},
	year = {2010}
}

@article{strachan_investigating_2013,
	title = {Investigating global tropical cyclone activity with a hierarchy of {AGCMs}: {The} role of model resolution},
	volume = {26},
	shorttitle = {Investigating global tropical cyclone activity with a hierarchy of {AGCMs}},
	number = {1},
	journal = {Journal of Climate},
	author = {Strachan, Jane and Vidale, Pier Luigi and Hodges, Kevin and Roberts, Malcolm and Demory, Marie-Estelle},
	year = {2013},
	pages = {133--152},
	file = {Full Text:C\:\\Users\\admin\\Zotero\\storage\\2J63H3IC\\Strachan et al. - 2013 - Investigating global tropical cyclone activity wit.pdf:application/pdf;Snapshot:C\:\\Users\\admin\\Zotero\\storage\\EV5Y6V7K\\JCLI-D-12-00012.html:text/html}
}

@article{taylor_overview_2012,
	title = {An overview of {CMIP}5 and the experiment design},
	volume = {93},
	number = {4},
	journal = {Bulletin of the American Meteorological Society},
	author = {Taylor, Karl E. and Stouffer, Ronald J. and Meehl, Gerald A.},
	year = {2012},
	pages = {485--498},
	file = {Full Text:C\:\\Users\\admin\\Zotero\\storage\\89AVR3RW\\Taylor et al. - 2012 - An overview of CMIP5 and the experiment design.pdf:application/pdf;Full Text:C\:\\Users\\admin\\Zotero\\storage\\XHL7ZSAZ\\Taylor et al. - 2012 - An overview of CMIP5 and the experiment design.pdf:application/pdf;Snapshot:C\:\\Users\\admin\\Zotero\\storage\\LQ2AAKEH\\BAMS-D-11-00094.html:text/html;Snapshot:C\:\\Users\\admin\\Zotero\\storage\\2HDZGDME\\BAMS-D-11-00094.html:text/html}
}

@article{terray_near-surface_2012,
	title = {Near-surface salinity as nature’s rain gauge to detect human influence on the tropical water cycle},
	volume = {25},
	number = {3},
	journal = {Journal of Climate},
	author = {Terray, Laurent and Corre, Lola and Cravatte, Sophie and Delcroix, Thierry and Reverdin, Gilles and Ribes, Aurélien},
	year = {2012},
	pages = {958--977},
	file = {Full Text:C\:\\Users\\admin\\Zotero\\storage\\S5P2PZ2M\\Terray et al. - 2012 - Near-surface salinity as nature’s rain gauge to de.pdf:application/pdf;Snapshot:C\:\\Users\\admin\\Zotero\\storage\\G6K6F9B6\\JCLI-D-10-05025.html:text/html}
}

@article{trenberth_changes_2011,
	title = {Changes in precipitation with climate change},
	volume = {47},
	number = {1-2},
	journal = {Climate Research},
	author = {Trenberth, Kevin E.},
	year = {2011},
	pages = {123--138},
	file = {Full Text:C\:\\Users\\admin\\Zotero\\storage\\MAXMV4SE\\Trenberth - 2011 - Changes in precipitation with climate change.pdf:application/pdf;Snapshot:C\:\\Users\\admin\\Zotero\\storage\\YBJUIXBX\\p123-138.html:text/html}
}

@article{trenberth_effects_2007,
	title = {Effects of {Mount} {Pinatubo} volcanic eruption on the hydrological cycle as an analog of geoengineering},
	volume = {34},
	number = {15},
	journal = {Geophysical Research Letters},
	author = {Trenberth, Kevin E. and Dai, Aiguo},
	year = {2007},
	file = {Full Text:C\:\\Users\\admin\\Zotero\\storage\\PJZN3NUA\\2007GL030524.html:text/html;Snapshot:C\:\\Users\\admin\\Zotero\\storage\\JJ8XEHED\\2007GL030524.html:text/html}
}

@article{trenberth_north_2013,
	title = {North {American} water and energy cycles},
	volume = {40},
	number = {2},
	journal = {Geophysical Research Letters},
	author = {Trenberth, Kevin E. and Fasullo, John T.},
	year = {2013},
	pages = {365--369},
	file = {Snapshot:C\:\\Users\\admin\\Zotero\\storage\\SIR29GNE\\grl.html:text/html}
}

@article{trenberth_regional_2013,
	title = {Regional energy and water cycles: {Transports} from ocean to land},
	volume = {26},
	shorttitle = {Regional energy and water cycles},
	number = {20},
	journal = {Journal of Climate},
	author = {Trenberth, Kevin E. and Fasullo, John T.},
	year = {2013},
	pages = {7837--7851},
	file = {Full Text:C\:\\Users\\admin\\Zotero\\storage\\WNHZLU5Y\\Trenberth and Fasullo - 2013 - Regional energy and water cycles Transports from .pdf:application/pdf;Snapshot:C\:\\Users\\admin\\Zotero\\storage\\HRYDW2ZG\\JCLI-D-13-00008.html:text/html}
}

@article{trenberth_changing_2003,
	title = {The changing character of precipitation},
	volume = {84},
	number = {9},
	journal = {Bulletin of the American Meteorological Society},
	author = {Trenberth, Kevin E. and Dai, Aiguo and Rasmussen, Roy M. and Parsons, David B.},
	year = {2003},
	pages = {1205--1218},
	file = {Full Text:C\:\\Users\\admin\\Zotero\\storage\\9RRYRSTH\\Trenberth et al. - 2003 - The changing character of precipitation.pdf:application/pdf;Snapshot:C\:\\Users\\admin\\Zotero\\storage\\APS52KMX\\BAMS-84-9-1205.html:text/html}
}

@article{trenberth_trends_2005,
	title = {Trends and variability in column-integrated atmospheric water vapor},
	volume = {24},
	number = {7-8},
	journal = {Climate dynamics},
	author = {Trenberth, Kevin E. and Fasullo, John and Smith, Lesley},
	year = {2005},
	pages = {741--758},
	file = {Full Text:C\:\\Users\\admin\\Zotero\\storage\\ZB4DGLJL\\s00382-005-0017-4.html:text/html}
}

@article{trenberth_atmospheric_2011,
	title = {Atmospheric moisture transports from ocean to land and global energy flows in reanalyses},
	volume = {24},
	number = {18},
	journal = {Journal of Climate},
	author = {Trenberth, Kevin E. and Fasullo, John T. and Mackaro, Jessica},
	year = {2011},
	pages = {4907--4924},
	file = {Full Text:C\:\\Users\\admin\\Zotero\\storage\\GDXWGBTU\\Trenberth et al. - 2011 - Atmospheric moisture transports from ocean to land.pdf:application/pdf;Snapshot:C\:\\Users\\admin\\Zotero\\storage\\XGE5XQVB\\2011JCLI4171.html:text/html}
}

@article{trenberth_global_2014,
	title = {Global warming and changes in drought},
	volume = {4},
	number = {1},
	journal = {Nature Climate Change},
	author = {Trenberth, Kevin E. and Dai, Aiguo and Van Der Schrier, Gerard and Jones, Philip D. and Barichivich, Jonathan and Briffa, Keith R. and Sheffield, Justin},
	year = {2014},
	pages = {17},
	file = {Full Text:C\:\\Users\\admin\\Zotero\\storage\\9ZZJUVGN\\Trenberth et al. - 2014 - Global warming and changes in drought.pdf:application/pdf;Snapshot:C\:\\Users\\admin\\Zotero\\storage\\ZTVE8D3Y\\nclimate2067.html:text/html}
}

@article{wu_anthropogenic_2013,
	title = {Anthropogenic impact on {Earth}’s hydrological cycle},
	volume = {3},
	number = {9},
	journal = {Nature Climate Change},
	author = {Wu, Peili and Christidis, Nikolaos and Stott, Peter},
	year = {2013},
	pages = {807},
	file = {Snapshot:C\:\\Users\\admin\\Zotero\\storage\\NM85KXJ2\\nclimate1932.html:text/html}
}

@article{wu_temporary_2010,
	title = {Temporary acceleration of the hydrological cycle in response to a {CO}2 rampdown},
	volume = {37},
	number = {12},
	journal = {Geophysical Research Letters},
	author = {Wu, Peili and Wood, Richard and Ridley, Jeff and Lowe, Jason},
	year = {2010},
	file = {Full Text:C\:\\Users\\admin\\Zotero\\storage\\F837EGA9\\2010GL043730.html:text/html;Snapshot:C\:\\Users\\admin\\Zotero\\storage\\4E794I64\\2010GL043730.html:text/html}
}

@book{nations_water_2003,
	title = {Water for {People}, {Water} for {Life}: {A} {Joint} {Report} by the {Twenty}-three {UN} {Agencies} {Concerned} with {Freshwater}},
	shorttitle = {Water for {People}, {Water} for {Life}},
	publisher = {Unesco},
	author = {Nations), World Water Assessment Programme (United},
	year = {2003}
}

@article{winterrath_dwd_2012,
	title = {On the {DWD} quantitative precipitation analysis and nowcasting system for real-time application in {German} flood risk management},
	volume = {351},
	journal = {Weather Radar and Hydrology, IAHS Publ},
	author = {Winterrath, TANJA and Rosenow, WOLFGANG and Weigl, ELMAR},
	year = {2012},
	pages = {323--329}
}

@article{berry_state_2014,
	title = {State of the climate in 2013},
	volume = {95},
	number = {7},
	journal = {Bulletin of the American Meteorological Society},
	author = {Berry, David I. and Frajka-Williams, Eleanor and McCarthy, Gerard and Rayner, Darren and Smeed, David A.},
	year = {2014},
	pages = {S1--S279},
	file = {Full Text:C\:\\Users\\admin\\Zotero\\storage\\ZX66RURJ\\login.html:text/html;Snapshot:C\:\\Users\\admin\\Zotero\\storage\\W9ETDEU3\\369780.html:text/html}
}

@article{willett_hadisdh:_2012,
	title = {{HadISDH}: an updated land surface specific humidity product for climate monitoring},
	volume = {8},
	shorttitle = {{HadISDH}},
	journal = {Clim Past Discuss},
	author = {Willett, K. M. and Williams Jr, C. N. and Dunn, R. J. H. and Thorne, P. W. and Bell, S. and de Podesta, M. and Jones, P. D. and Parker, D. E.},
	year = {2012},
	pages = {5133--5180}
}

@article{willett_comparison_2010,
	title = {A comparison of large scale changes in surface humidity over land in observations and {CMIP}3 general circulation models},
	volume = {5},
	number = {2},
	journal = {Environmental Research Letters},
	author = {Willett, Katharine M. and Jones, Philip D. and Thorne, Peter W. and Gillett, Nathan P.},
	year = {2010},
	pages = {025210},
	file = {Full Text:C\:\\Users\\admin\\Zotero\\storage\\H7WT6LF4\\Willett et al. - 2010 - A comparison of large scale changes in surface hum.pdf:application/pdf;Snapshot:C\:\\Users\\admin\\Zotero\\storage\\7GRHDJD6\\meta.html:text/html}
}

@article{willett_attribution_2007,
	title = {Attribution of observed surface humidity changes to human influence},
	volume = {449},
	number = {7163},
	journal = {Nature},
	author = {Willett, Katharine M. and Gillett, Nathan P. and Jones, Philip D. and Thorne, Peter W.},
	year = {2007},
	pages = {710},
	file = {Full Text:C\:\\Users\\admin\\Zotero\\storage\\L3JNLZ98\\Willett et al. - 2007 - Attribution of observed surface humidity changes t.pdf:application/pdf}
}

@article{wilcox_influence_2013,
	title = {The influence of anthropogenic aerosol on multi-decadal variations of historical global climate},
	volume = {8},
	number = {2},
	journal = {Environmental Research Letters},
	author = {Wilcox, Laura J. and Highwood, Eleanor J. and Dunstone, Nick J.},
	year = {2013},
	pages = {024033},
	file = {Full Text:C\:\\Users\\admin\\Zotero\\storage\\MEYV8LGZ\\Wilcox et al. - 2013 - The influence of anthropogenic aerosol on multi-de.pdf:application/pdf;Snapshot:C\:\\Users\\admin\\Zotero\\storage\\7ER54CCH\\meta.html:text/html}
}

@article{westra_future_2014,
	title = {Future changes to the intensity and frequency of short-duration extreme rainfall},
	volume = {52},
	number = {3},
	journal = {Reviews of Geophysics},
	author = {Westra, S. and Fowler, H. J. and Evans, J. P. and Alexander, L. V. and Berg, Peter and Johnson, F. and Kendon, E. J. and Lenderink, G. and Roberts, N. M.},
	year = {2014},
	pages = {522--555},
	file = {Snapshot:C\:\\Users\\admin\\Zotero\\storage\\Q3NSK4NQ\\2014RG000464.html:text/html}
}

@article{westra_global_2013,
	title = {Global increasing trends in annual maximum daily precipitation},
	volume = {26},
	number = {11},
	journal = {Journal of climate},
	author = {Westra, Seth and Alexander, Lisa V. and Zwiers, Francis W.},
	year = {2013},
	pages = {3904--3918},
	file = {Full Text:C\:\\Users\\admin\\Zotero\\storage\\TQJQD4PP\\Westra et al. - 2013 - Global increasing trends in annual maximum daily p.pdf:application/pdf;Snapshot:C\:\\Users\\admin\\Zotero\\storage\\DKDNLICW\\JCLI-D-12-00502.html:text/html}
}

@article{wan_effect_2013,
	title = {Effect of data coverage on the estimation of mean and variability of precipitation at global and regional scales},
	volume = {118},
	number = {2},
	journal = {Journal of Geophysical Research: Atmospheres},
	author = {Wan, Hui and Zhang, Xuebin and Zwiers, Francis W. and Shiogama, Hideo},
	year = {2013},
	pages = {534--546},
	file = {Snapshot:C\:\\Users\\admin\\Zotero\\storage\\FAK5QGBR\\jgrd.html:text/html}
}

@article{vicente-serrano_temporal_2014,
	title = {Temporal evolution of surface humidity in {Spain}: recent trends and possible physical mechanisms},
	volume = {42},
	shorttitle = {Temporal evolution of surface humidity in {Spain}},
	number = {9-10},
	journal = {Climate dynamics},
	author = {Vicente-Serrano, Sergio M. and Azorin-Molina, Cesar and Sanchez-Lorenzo, Arturo and Morán-Tejeda, Enrique and Lorenzo-Lacruz, Jorge and Revuelto, Jesús and López-Moreno, Juan I. and Espejo, Francisco},
	year = {2014},
	pages = {2655--2674}
}

@article{vecchi_weakening_2006,
	title = {Weakening of tropical {Pacific} atmospheric circulation due to anthropogenic forcing},
	volume = {441},
	number = {7089},
	journal = {Nature},
	author = {Vecchi, Gabriel A. and Soden, Brian J. and Wittenberg, Andrew T. and Held, Isaac M. and Leetmaa, Ants and Harrison, Matthew J.},
	year = {2006},
	pages = {73}
}

@article{utsumi_does_2011,
	title = {Does higher surface temperature intensify extreme precipitation?},
	volume = {38},
	number = {16},
	journal = {Geophysical research letters},
	author = {Utsumi, Nobuyuki and Seto, Shinta and Kanae, Shinjiro and Maeda, Eduardo Eiji and Oki, Taikan},
	year = {2011},
	file = {Full Text:C\:\\Users\\admin\\Zotero\\storage\\W4FCPJDP\\2011GL048426.html:text/html;Snapshot:C\:\\Users\\admin\\Zotero\\storage\\UNK6RPAQ\\2011GL048426.html:text/html}
}

@article{xie_global_1998,
	title = {Global monthly precipitation estimates from satellite-observed outgoing longwave radiation},
	volume = {11},
	number = {2},
	journal = {Journal of Climate},
	author = {Xie, Pingping and Arkin, Phillip A.},
	year = {1998},
	pages = {137--164},
	file = {Full Text:C\:\\Users\\admin\\Zotero\\storage\\GSPWM8UL\\Xie and Arkin - 1998 - Global monthly precipitation estimates from satell.pdf:application/pdf;Snapshot:C\:\\Users\\admin\\Zotero\\storage\\2D6A2I3H\\1520-0442(1998)0110137GMPEFS2.0.html:text/html}
}

@article{xie_global_2010,
	title = {Global warming pattern formation: {Sea} surface temperature and rainfall},
	volume = {23},
	shorttitle = {Global warming pattern formation},
	number = {4},
	journal = {Journal of Climate},
	author = {Xie, Shang-Ping and Deser, Clara and Vecchi, Gabriel A. and Ma, Jian and Teng, Haiyan and Wittenberg, Andrew T.},
	year = {2010},
	pages = {966--986},
	file = {Full Text:C\:\\Users\\admin\\Zotero\\storage\\G2ABUWWN\\Xie et al. - 2010 - Global warming pattern formation Sea surface temp.pdf:application/pdf;Snapshot:C\:\\Users\\admin\\Zotero\\storage\\54LZ9UEK\\2009JCLI3329.html:text/html}
}

@article{yin_consistent_2005,
	title = {A consistent poleward shift of the storm tracks in simulations of 21st century climate},
	volume = {32},
	number = {18},
	journal = {Geophysical Research Letters},
	author = {Yin, Jeffrey H.},
	year = {2005},
	file = {Full Text:C\:\\Users\\admin\\Zotero\\storage\\H4JQ5AK5\\(ISSN)1944-8007.html:text/html;Snapshot:C\:\\Users\\admin\\Zotero\\storage\\9WGMAGHP\\(ISSN)1944-8007.html:text/html}
}

@article{yu_objectively_2007,
	title = {Objectively analyzed air–sea heat fluxes for the global ice-free oceans (1981–2005)},
	volume = {88},
	number = {4},
	journal = {Bulletin of the American Meteorological Society},
	author = {Yu, Lisan and Weller, Robert A.},
	year = {2007},
	pages = {527--540},
	file = {Full Text:C\:\\Users\\admin\\Zotero\\storage\\I5QKXE7Z\\Yu and Weller - 2007 - Objectively analyzed air–sea heat fluxes for the g.pdf:application/pdf;Snapshot:C\:\\Users\\admin\\Zotero\\storage\\AVYMNCNJ\\BAMS-88-4-527.html:text/html}
}

@article{jin_multidecade_2008,
	title = {Multidecade global flux datasets from the objectively analyzed air-sea fluxes ({OAFlux}) project: {Latent} and sensible heat fluxes, ocean evaporation, and related surface meteorological variables},
	volume = {74},
	shorttitle = {Multidecade global flux datasets from the objectively analyzed air-sea fluxes ({OAFlux}) project},
	journal = {OAFlux Project Tech. Rep. OA-2008-01. 그림},
	author = {Jin, Xiangze and Weller, Robert A.},
	year = {2008}
}

@article{zelinka_quantifying_2014,
	title = {Quantifying components of aerosol-cloud-radiation interactions in climate models},
	volume = {119},
	number = {12},
	journal = {Journal of Geophysical Research: Atmospheres},
	author = {Zelinka, Mark D. and Andrews, Timothy and Forster, Piers M. and Taylor, Karl E.},
	year = {2014},
	pages = {7599--7615}
}

@article{zhang_detection_2007,
	title = {Detection of human influence on twentieth-century precipitation trends},
	volume = {448},
	number = {7152},
	journal = {Nature},
	author = {Zhang, Xuebin and Zwiers, Francis W. and Hegerl, Gabriele C. and Lambert, F. Hugo and Gillett, Nathan P. and Solomon, Susan and Stott, Peter A. and Nozawa, Toru},
	year = {2007},
	pages = {461},
	file = {Full Text:C\:\\Users\\admin\\Zotero\\storage\\KE8ATDBH\\Zhang et al. - 2007 - Detection of human influence on twentieth-century .pdf:application/pdf}
}

@article{zhang_attributing_2013,
	title = {Attributing intensification of precipitation extremes to human influence},
	volume = {40},
	number = {19},
	journal = {Geophysical Research Letters},
	author = {Zhang, Xuebin and Wan, Hui and Zwiers, Francis W. and Hegerl, Gabriele C. and Min, Seung-Ki},
	year = {2013},
	pages = {5252--5257},
	file = {Full Text:C\:\\Users\\admin\\Zotero\\storage\\YE4ACULT\\grl.html:text/html;Snapshot:C\:\\Users\\admin\\Zotero\\storage\\5JRC8QNZ\\grl.html:text/html}
}

@article{zhao_trends_2012,
	title = {Trends in tropospheric humidity from 1970 to 2008 over {China} from a homogenized radiosonde dataset},
	volume = {25},
	number = {13},
	journal = {Journal of Climate},
	author = {Zhao, Tianbao and Dai, Aiguo and Wang, Junhong},
	year = {2012},
	pages = {4549--4567},
	file = {Full Text:C\:\\Users\\admin\\Zotero\\storage\\3IK9H68C\\Zhao et al. - 2012 - Trends in tropospheric humidity from 1970 to 2008 .pdf:application/pdf;Snapshot:C\:\\Users\\admin\\Zotero\\storage\\P5HCMJVG\\JCLI-D-11-00557.html:text/html}
}

@article{zolina_changing_2010,
	title = {Changing structure of {European} precipitation: longer wet periods leading to more abundant rainfalls},
	volume = {37},
	shorttitle = {Changing structure of {European} precipitation},
	number = {6},
	journal = {Geophysical Research Letters},
	author = {Zolina, Olga and Simmer, Clemens and Gulev, Sergey K. and Kollet, Stefan},
	year = {2010},
	file = {Full Text:C\:\\Users\\admin\\Zotero\\storage\\XGIHA5JK\\2010GL042468.html:text/html;Snapshot:C\:\\Users\\admin\\Zotero\\storage\\CL68B3LW\\2010GL042468.html:text/html}
}

@article{betts_climate-convection_1998,
	title = {Climate-convection feedbacks: {Some} further issues},
	volume = {39},
	shorttitle = {Climate-convection feedbacks},
	number = {1},
	journal = {Climatic Change},
	author = {Betts, Alan K.},
	year = {1998},
	pages = {35},
	file = {Snapshot:C\:\\Users\\admin\\Zotero\\storage\\I6I4YZMG\\1.html:text/html}
}

@article{boer_climate_1993,
	title = {Climate change and the regulation of the surface moisture and energy budgets},
	volume = {8},
	number = {5},
	journal = {Climate Dynamics},
	author = {Boer, G. J.},
	year = {1993},
	pages = {225--239},
	file = {Snapshot:C\:\\Users\\admin\\Zotero\\storage\\QXTHKQJV\\BF00198617.html:text/html}
}

@article{bosilovich_global_2005,
	title = {Global changes of the water cycle intensity},
	volume = {18},
	number = {10},
	journal = {Journal of Climate},
	author = {Bosilovich, Michael G. and Schubert, Siegfried D. and Walker, Gregory K.},
	year = {2005},
	pages = {1591--1608},
	file = {Full Text:C\:\\Users\\admin\\Zotero\\storage\\M8XNKD93\\Bosilovich et al. - 2005 - Global changes of the water cycle intensity.pdf:application/pdf;Snapshot:C\:\\Users\\admin\\Zotero\\storage\\TJNN7TT7\\JCLI3357.html:text/html}
}

@article{chou_mechanisms_2004,
	title = {Mechanisms of global warming impacts on regional tropical precipitation},
	volume = {17},
	number = {13},
	journal = {Journal of climate},
	author = {Chou, Chia and Neelin, J. David},
	year = {2004},
	pages = {2688--2701},
	file = {Full Text:C\:\\Users\\admin\\Zotero\\storage\\7825KXUC\\Chou and Neelin - 2004 - Mechanisms of global warming impacts on regional t.pdf:application/pdf;Snapshot:C\:\\Users\\admin\\Zotero\\storage\\T2JETXYK\\1520-0442(2004)0172688MOGWIO2.0.html:text/html}
}

@article{emori_dynamic_2005,
	title = {Dynamic and thermodynamic changes in mean and extreme precipitation under changed climate},
	volume = {32},
	number = {17},
	journal = {Geophysical Research Letters},
	author = {Emori, Seita and Brown, S. J.},
	year = {2005},
	file = {Full Text:C\:\\Users\\admin\\Zotero\\storage\\F7JA3Y4B\\2005GL023272.html:text/html;Snapshot:C\:\\Users\\admin\\Zotero\\storage\\3BUGWM7B\\2005gl023272.html:text/html}
}

@article{team_new_2004,
	title = {The new {GFDL} global atmosphere and land model {AM}2–{LM}2: {Evaluation} with prescribed {SST} simulations},
	volume = {17},
	shorttitle = {The new {GFDL} global atmosphere and land model {AM}2–{LM}2},
	number = {24},
	journal = {Journal of Climate},
	author = {Team, GFDL Global Atmospheric Model Development and Anderson, Jeffrey L. and Balaji, V. and Broccoli, Anthony J. and Cooke, William F. and Delworth, Thomas L. and Dixon, Keith W. and Donner, Leo J. and Dunne, Krista A. and Freidenreich, Stuart M.},
	year = {2004},
	pages = {4641--4673},
	file = {Full Text:C\:\\Users\\admin\\Zotero\\storage\\JLL8DLIW\\the-new-gfdl-global-atmosphere-and-land-model-am2-lm2-evaluation--2.html:text/html;Snapshot:C\:\\Users\\admin\\Zotero\\storage\\UQJLTDCL\\26251977.html:text/html}
}

@article{held_water_2000,
	title = {Water vapor feedback and global warming},
	volume = {25},
	number = {1},
	journal = {Annual review of energy and the environment},
	author = {Held, Isaac M. and Soden, Brian J.},
	year = {2000},
	pages = {441--475},
	file = {Full Text:C\:\\Users\\admin\\Zotero\\storage\\TQSX4LMN\\Held and Soden - 2000 - Water vapor feedback and global warming.pdf:application/pdf;Snapshot:C\:\\Users\\admin\\Zotero\\storage\\ZKUAKRMD\\annurev.energy.25.1.html:text/html}
}

@article{knutson_time-mean_1995,
	title = {Time-mean response over the tropical {Pacific} to increased {C}02 in a coupled ocean-atmosphere model},
	volume = {8},
	number = {9},
	journal = {Journal of Climate},
	author = {Knutson, Thomas R. and Manabe, Syukuro},
	year = {1995},
	pages = {2181--2199},
	file = {Full Text:C\:\\Users\\admin\\Zotero\\storage\\P2WXVRHG\\Knutson and Manabe - 1995 - Time-mean response over the tropical Pacific to in.pdf:application/pdf;Snapshot:C\:\\Users\\admin\\Zotero\\storage\\QEUW5PQG\\1520-0442(1995)0082181TMROTT2.0.html:text/html}
}

@article{lindzen_role_1982,
	title = {The role of convective model choice in calculating the climate impact of doubling {CO}2},
	volume = {39},
	number = {6},
	journal = {Journal of the Atmospheric Sciences},
	author = {Lindzen, R. S. and Hou, A. Y. and Farrell, B. F.},
	year = {1982},
	pages = {1189--1205},
	file = {Full Text:C\:\\Users\\admin\\Zotero\\storage\\3FF8CH68\\Lindzen et al. - 1982 - The role of convective model choice in calculating.pdf:application/pdf}
}

@article{manabe_effects_1975,
	title = {The effects of doubling the {CO}2 concentration on the climate of a general circulation model},
	volume = {32},
	number = {1},
	journal = {Journal of the Atmospheric Sciences},
	author = {Manabe, Syukuro and Wetherald, Richard T.},
	year = {1975},
	pages = {3--15},
	file = {Full Text:C\:\\Users\\admin\\Zotero\\storage\\W8TEQ8GL\\Manabe and Wetherald - 1975 - The effects of doubling the CO2 concentration on t.pdf:application/pdf;Snapshot:C\:\\Users\\admin\\Zotero\\storage\\D6WUXXFT\\1520-0469(1975)0320003TEODTC2.0.html:text/html}
}

@article{mitas_has_2005,
	title = {Has the {Hadley} cell been strengthening in recent decades?},
	volume = {32},
	number = {3},
	journal = {Geophysical Research Letters},
	author = {Mitas, Christos M. and Clement, Amy},
	year = {2005},
	file = {Full Text:C\:\\Users\\admin\\Zotero\\storage\\C7TUJT23\\2004GL021765.html:text/html;Snapshot:C\:\\Users\\admin\\Zotero\\storage\\4MJ9A7ID\\2004GL021765.html:text/html}
}

@article{nakamura_destabilization_1994,
	title = {Destabilization of the thermohaline circulation by atmospheric eddy transports},
	volume = {7},
	number = {12},
	journal = {Journal of Climate},
	author = {Nakamura, Mototaka and Stone, Peter H. and Marotzke, Jochem},
	year = {1994},
	pages = {1870--1882},
	file = {Full Text:C\:\\Users\\admin\\Zotero\\storage\\NTSBQ3F9\\Nakamura et al. - 1994 - Destabilization of the thermohaline circulation by.pdf:application/pdf;Snapshot:C\:\\Users\\admin\\Zotero\\storage\\YZ7WSLFN\\1520-0442(1994)0071870DOTTCB2.0.html:text/html}
}

@article{pierrehumbert_hydrologic_2002,
	title = {The hydrologic cycle in deep-time climate problems},
	volume = {419},
	number = {6903},
	journal = {Nature},
	author = {Pierrehumbert, Raymond T.},
	year = {2002},
	pages = {191},
	file = {Full Text:C\:\\Users\\admin\\Zotero\\storage\\SR23EBCR\\Pierrehumbert - 2002 - The hydrologic cycle in deep-time climate problems.pdf:application/pdf;Snapshot:C\:\\Users\\admin\\Zotero\\storage\\LHGQZBP8\\nature01088.html:text/html}
}

@article{raisanen_impact_2005,
	title = {Impact of increasing {CO} 2 on monthly-to-annual precipitation extremes: analysis of the {CMIP}2 experiments},
	volume = {24},
	shorttitle = {Impact of increasing {CO} 2 on monthly-to-annual precipitation extremes},
	number = {2-3},
	journal = {climate Dynamics},
	author = {Räisänen, Jouni},
	year = {2005},
	pages = {309--323},
	file = {Full Text:C\:\\Users\\admin\\Zotero\\storage\\2IX3NIJM\\s00382-004-0510-1.html:text/html}
}

@article{ramanathan_aerosols_2001,
	title = {Aerosols, climate, and the hydrological cycle},
	volume = {294},
	number = {5549},
	journal = {science},
	author = {Ramanathan, VCPJ and Crutzen, P. J. and Kiehl, J. T. and Rosenfeld, Daniel},
	year = {2001},
	pages = {2119--2124},
	file = {Full Text:C\:\\Users\\admin\\Zotero\\storage\\IAIGBZR8\\Ramanathan et al. - 2001 - Aerosols, climate, and the hydrological cycle.pdf:application/pdf;Snapshot:C\:\\Users\\admin\\Zotero\\storage\\SA7PCTIX\\2119.html:text/html}
}

@article{roads_atmospheric_1998,
	title = {Atmospheric moisture cycling rates},
	volume = {8},
	number = {3},
	journal = {GEWEX News},
	author = {Roads, J. O. and Chen, S. C. and Marshall, S. and Oglesby, R.},
	year = {1998},
	pages = {7--10}
}

@article{santer_amplification_2005,
	title = {Amplification of surface temperature trends and variability in the tropical atmosphere},
	volume = {309},
	number = {5740},
	journal = {Science},
	author = {Santer, Benjamin D. and Wigley, Tom ML and Mears, Carl and Wentz, Frank J. and Klein, Stephen A. and Seidel, Dian J. and Taylor, Karl E. and Thorne, Peter W. and Wehner, Michael F. and Gleckler, Peter J.},
	year = {2005},
	pages = {1551--1556},
	file = {Full Text:C\:\\Users\\admin\\Zotero\\storage\\A99FAYQL\\Santer et al. - 2005 - Amplification of surface temperature trends and va.pdf:application/pdf;Snapshot:C\:\\Users\\admin\\Zotero\\storage\\PK46883X\\1551.html:text/html}
}

@article{soden_assessment_2006,
	title = {An assessment of climate feedbacks in coupled ocean–atmosphere models},
	volume = {19},
	number = {14},
	journal = {Journal of Climate},
	author = {Soden, Brian J. and Held, Isaac M.},
	year = {2006},
	pages = {3354--3360},
	file = {Full Text:C\:\\Users\\admin\\Zotero\\storage\\RIZGXM7S\\Soden and Held - 2006 - An assessment of climate feedbacks in coupled ocea.pdf:application/pdf;Snapshot:C\:\\Users\\admin\\Zotero\\storage\\F5R3BMB8\\JCLI3799.html:text/html}
}

@article{trenberth_atmospheric_1998,
	title = {Atmospheric moisture residence times and cycling: {Implications} for rainfall rates and climate change},
	volume = {39},
	shorttitle = {Atmospheric moisture residence times and cycling},
	number = {4},
	journal = {Climatic change},
	author = {Trenberth, Kevin E.},
	year = {1998},
	pages = {667--694},
	file = {Full Text:C\:\\Users\\admin\\Zotero\\storage\\BKXK3BBP\\Trenberth - 1998 - Atmospheric moisture residence times and cycling .pdf:application/pdf;Full Text:C\:\\Users\\admin\\Zotero\\storage\\9JTGTTXB\\Trenberth - 1998 - Atmospheric moisture residence times and cycling .pdf:application/pdf;Snapshot:C\:\\Users\\admin\\Zotero\\storage\\KS5BN5L6\\A1005319109110.html:text/html;Snapshot:C\:\\Users\\admin\\Zotero\\storage\\KPMNJZCK\\A1005319109110.html:text/html}
}

@article{wentz_well-calibrated_1997,
	title = {A well-calibrated ocean algorithm for special sensor microwave/imager},
	volume = {102},
	number = {C4},
	journal = {Journal of Geophysical Research: Oceans},
	author = {Wentz, Frank J.},
	year = {1997},
	pages = {8703--8718},
	file = {Snapshot:C\:\\Users\\admin\\Zotero\\storage\\8E7BCFRZ\\96JC01751.html:text/html}
}

@book{wentz_nimbus-7_1992,
	title = {Nimbus-7 {SMMR} {Ocean} {Products} 1979-1984},
	publisher = {Remote Sensing Systems},
	author = {Wentz, Frank J. and Francis, Erika A.},
	year = {1992}
}

@article{wentz_precise_2000,
	title = {Precise climate monitoring using complementary satellite data sets},
	volume = {403},
	number = {6768},
	journal = {Nature},
	author = {Wentz, Frank J. and Schabel, Matthias},
	year = {2000},
	pages = {414},
	file = {Full Text:C\:\\Users\\admin\\Zotero\\storage\\Y4KJ4CUL\\Wentz and Schabel - 2000 - Precise climate monitoring using complementary sat.pdf:application/pdf;Snapshot:C\:\\Users\\admin\\Zotero\\storage\\USZKWM9E\\35000184.html:text/html}
}

@article{winton_surface_2006,
	title = {Surface albedo feedback estimates for the {AR}4 climate models},
	volume = {19},
	number = {3},
	journal = {Journal of Climate},
	author = {Winton, Michael},
	year = {2006},
	pages = {359--365},
	file = {Full Text:C\:\\Users\\admin\\Zotero\\storage\\LK4WZVY3\\Winton - 2006 - Surface albedo feedback estimates for the AR4 clim.pdf:application/pdf;Snapshot:C\:\\Users\\admin\\Zotero\\storage\\7X8RI6PP\\JCLI3624.html:text/html}
}

@article{bosilovich_precipitation_2001,
	title = {Precipitation recycling over the central {United} {States} diagnosed from the {GEOS}-1 data assimilation system},
	volume = {2},
	number = {1},
	journal = {Journal of Hydrometeorology},
	author = {Bosilovich, Michael G. and Schubert, Siegfried D.},
	year = {2001},
	pages = {26--35},
	file = {Full Text:C\:\\Users\\admin\\Zotero\\storage\\HH4VA8G8\\Bosilovich and Schubert - 2001 - Precipitation recycling over the central United St.pdf:application/pdf;Snapshot:C\:\\Users\\admin\\Zotero\\storage\\YQCWX9AZ\\1525-7541(2001)0020026PROTCU2.0.html:text/html}
}

@article{huntington_evidence_2006,
	title = {Evidence for intensification of the global water cycle: review and synthesis},
	volume = {319},
	shorttitle = {Evidence for intensification of the global water cycle},
	number = {1-4},
	journal = {Journal of Hydrology},
	author = {Huntington, Thomas G.},
	year = {2006},
	pages = {83--95},
	file = {Full Text:C\:\\Users\\admin\\Zotero\\storage\\KDGAUL9A\\S0022169405003215.html:text/html}
}

@article{bruckner_bilanz_1905,
	title = {Die bilanz des kreislaufs des wassers auf der erde},
	volume = {11},
	number = {8. H},
	journal = {Geographische Zeitschrift},
	author = {Brückner, Ed},
	year = {1905},
	pages = {436--445},
	file = {Snapshot:C\:\\Users\\admin\\Zotero\\storage\\W256JVBG\\27805335.html:text/html}
}

@article{nace_world_1971,
	title = {World water inventory and control},
	journal = {Chorley, Richard J., ed. Introduction to Geographical Hydrology},
	author = {Nace, R. L.},
	year = {1971},
	file = {Snapshot:C\:\\Users\\admin\\Zotero\\storage\\FNCBVMS8\\search.html:text/html}
}

@article{korzoun_world_1978,
	title = {World water balance and water resources of the earth},
	journal = {Water Development, Supply and Management (UK)(USA)(Canada)(Australia)(France)(Germany, FR)},
	author = {Korzoun, V. I. and Sokolov, A. A.},
	year = {1978},
	file = {Snapshot:C\:\\Users\\admin\\Zotero\\storage\\MVCJADA9\\search.html:text/html}
}

@article{schlosser_assessing_2007,
	title = {Assessing a satellite-era perspective of the global water cycle},
	volume = {20},
	number = {7},
	journal = {Journal of climate},
	author = {Schlosser, C. Adam and Houser, Paul R.},
	year = {2007},
	pages = {1316--1338},
	file = {Full Text:C\:\\Users\\admin\\Zotero\\storage\\K678Q4Z6\\Schlosser and Houser - 2007 - Assessing a satellite-era perspective of the globa.pdf:application/pdf;Snapshot:C\:\\Users\\admin\\Zotero\\storage\\SSVWE46S\\JCLI4057.html:text/html}
}

@article{chahine_hydrological_1992,
	title = {The hydrological cycle and its influence on climate},
	volume = {359},
	number = {6394},
	journal = {Nature},
	author = {Chahine, Moustafa T.},
	year = {1992},
	pages = {373},
	file = {Full Text:C\:\\Users\\admin\\Zotero\\storage\\N7FIFE3A\\Chahine - 1992 - The hydrological cycle and its influence on climat.pdf:application/pdf;Snapshot:C\:\\Users\\admin\\Zotero\\storage\\V4WES4JD\\359373a0.html:text/html}
}

@book{survey_us_water_1984,
	title = {Water of the world},
	author = {Survey (US), Geological and Nace, Raymond L.},
	year = {1984}
}

@book{shiklomanov_world_1993,
	title = {World freshwater resources. {Water} in {Crisis}: {A} {Guide} to the {World}’s {Fresh} {Water} {Resources}},
	shorttitle = {World freshwater resources. {Water} in {Crisis}},
	publisher = {Oxford University Press, New York},
	author = {Shiklomanov, Igor A.},
	year = {1993}
}

@article{oki_global_2006,
	title = {Global hydrological cycles and world water resources},
	volume = {313},
	number = {5790},
	journal = {science},
	author = {Oki, Taikan and Kanae, Shinjiro},
	year = {2006},
	pages = {1068--1072},
	file = {Full Text:C\:\\Users\\admin\\Zotero\\storage\\GQEXWAQX\\Oki and Kanae - 2006 - Global hydrological cycles and world water resourc.pdf:application/pdf;Snapshot:C\:\\Users\\admin\\Zotero\\storage\\DAW6QRDU\\1068.html:text/html}
}

@article{trenberth_estimates_2007,
	title = {Estimates of the global water budget and its annual cycle using observational and model data},
	volume = {8},
	number = {4},
	journal = {Journal of Hydrometeorology},
	author = {Trenberth, Kevin E. and Smith, Lesley and Qian, Taotao and Dai, Aiguo and Fasullo, John},
	year = {2007},
	pages = {758--769},
	file = {Full Text:C\:\\Users\\admin\\Zotero\\storage\\S7Y9IASE\\Trenberth et al. - 2007 - Estimates of the global water budget and its annua.pdf:application/pdf;Snapshot:C\:\\Users\\admin\\Zotero\\storage\\TP7IYUNV\\JHM600.html:text/html}
}

@article{bodnar_whole_2013,
	title = {Whole {Earth} geohydrologic cycle, from the clouds to the core: {The} distribution of water in the dynamic {Earth} system},
	volume = {500},
	shorttitle = {Whole {Earth} geohydrologic cycle, from the clouds to the core},
	journal = {The Geological Society of America Special Paper},
	author = {Bodnar, Robert J. and Azbej, Tristan and Becker, Stephen P. and Cannatelli, Claudia and Fall, András and Severs, Matthew J.},
	year = {2013},
	pages = {431--61},
	file = {Full Text:C\:\\Users\\admin\\Zotero\\storage\\GX6T2JZA\\Bodnar et al. - 2013 - Whole Earth geohydrologic cycle, from the clouds t.pdf:application/pdf;Snapshot:C\:\\Users\\admin\\Zotero\\storage\\J8A5AJXW\\books.html:text/html}
}

@article{alsdorf_measuring_2007,
	title = {Measuring surface water from space},
	volume = {45},
	number = {2},
	journal = {Reviews of Geophysics},
	author = {Alsdorf, Douglas E. and Rodríguez, Ernesto and Lettenmaier, Dennis P.},
	year = {2007},
	file = {Full Text:C\:\\Users\\admin\\Zotero\\storage\\WAR8VD39\\2006RG000197.html:text/html;Snapshot:C\:\\Users\\admin\\Zotero\\storage\\TKVGRUCP\\2006RG000197.html:text/html}
}

@article{tapley_gravity_2004,
	title = {The gravity recovery and climate experiment: {Mission} overview and early results},
	volume = {31},
	shorttitle = {The gravity recovery and climate experiment},
	number = {9},
	journal = {Geophysical Research Letters},
	author = {Tapley, Byron D. and Bettadpur, S. and Watkins, Mo and Reigber, Ch},
	year = {2004},
	file = {Full Text:C\:\\Users\\admin\\Zotero\\storage\\CQD9SRC4\\(ISSN)1944-8007.html:text/html;Snapshot:C\:\\Users\\admin\\Zotero\\storage\\JWCN4ZT6\\(ISSN)1944-8007.html:text/html}
}

@article{wahr_time-variable_2004,
	title = {Time-variable gravity from {GRACE}: {First} results},
	volume = {31},
	shorttitle = {Time-variable gravity from {GRACE}},
	number = {11},
	journal = {Geophysical Research Letters},
	author = {Wahr, John and Swenson, Sean and Zlotnicki, Victor and Velicogna, Isabella},
	year = {2004},
	file = {Full Text:C\:\\Users\\admin\\Zotero\\storage\\F4BDC9JK\\2004GL019779.html:text/html;Snapshot:C\:\\Users\\admin\\Zotero\\storage\\FPKILHSV\\2004GL019779.html:text/html}
}

@article{rodell_basin_2004,
	title = {Basin scale estimates of evapotranspiration using {GRACE} and other observations},
	volume = {31},
	number = {20},
	journal = {Geophysical Research Letters},
	author = {Rodell, Matthew and Famiglietti, J. S. and Chen, Jianli and Seneviratne, S. I. and Viterbo, P. and Holl, S. and Wilson, Clark R.},
	year = {2004},
	file = {Full Text:C\:\\Users\\admin\\Zotero\\storage\\K6J3Z5HG\\2004GL020873.html:text/html;Snapshot:C\:\\Users\\admin\\Zotero\\storage\\RZSYPR3W\\2004GL020873.html:text/html}
}

@article{syed_satellite-based_2010,
	title = {Satellite-based global-ocean mass balance estimates of interannual variability and emerging trends in continental freshwater discharge},
	volume = {107},
	number = {42},
	journal = {Proceedings of the National Academy of Sciences},
	author = {Syed, Tajdarul H. and Famiglietti, James S. and Chambers, Don P. and Willis, Josh K. and Hilburn, Kyle},
	year = {2010},
	pages = {17916--17921},
	file = {Full Text:C\:\\Users\\admin\\Zotero\\storage\\887RXL5M\\Syed et al. - 2010 - Satellite-based global-ocean mass balance estimate.pdf:application/pdf;Snapshot:C\:\\Users\\admin\\Zotero\\storage\\AP7WST97\\17916.html:text/html}
}

@article{famiglietti_water_2013,
	title = {Water in the balance},
	volume = {340},
	number = {6138},
	journal = {Science},
	author = {Famiglietti, James S. and Rodell, Matthew},
	year = {2013},
	pages = {1300--1301},
	file = {Full Text:C\:\\Users\\admin\\Zotero\\storage\\BL7S3Z98\\Famiglietti and Rodell - 2013 - Water in the balance.pdf:application/pdf;Snapshot:C\:\\Users\\admin\\Zotero\\storage\\CIE6CBCR\\1300.html:text/html}
}

@article{meehl_model-based_2011,
	title = {Model-based evidence of deep-ocean heat uptake during surface-temperature hiatus periods},
	volume = {1},
	number = {7},
	journal = {Nature Climate Change},
	author = {Meehl, Gerald A. and Arblaster, Julie M. and Fasullo, John T. and Hu, Aixue and Trenberth, Kevin E.},
	year = {2011},
	pages = {360},
	file = {Full Text:C\:\\Users\\admin\\Zotero\\storage\\QVYES2JY\\Meehl et al. - 2011 - Model-based evidence of deep-ocean heat uptake dur.pdf:application/pdf;Snapshot:C\:\\Users\\admin\\Zotero\\storage\\8Z5926ID\\nclimate1229.html:text/html}
}

@article{huffman_improving_2009,
	title = {Improving the global precipitation record: {GPCP} version 2.1},
	volume = {36},
	shorttitle = {Improving the global precipitation record},
	number = {17},
	journal = {Geophysical Research Letters},
	author = {Huffman, George J. and Adler, Robert F. and Bolvin, David T. and Gu, Guojun},
	year = {2009},
	file = {Full Text:C\:\\Users\\admin\\Zotero\\storage\\F9TF6ERL\\2009GL040000.html:text/html;Snapshot:C\:\\Users\\admin\\Zotero\\storage\\XJUGG6UD\\2009GL040000.html:text/html}
}

@article{clayson_seaflux_2012,
	title = {The {SeaFlux} turbulent flux dataset version 1.0 documentation},
	author = {Clayson, Carol Anne and Roberts, J. Brent and Bogdanoff, Alec S.},
	year = {2012},
	file = {Full Text:C\:\\Users\\admin\\Zotero\\storage\\BCGYRZSS\\Clayson et al. - 2012 - The SeaFlux turbulent flux dataset version 1.0 doc.pdf:application/pdf;Snapshot:C\:\\Users\\admin\\Zotero\\storage\\FY7AC7IG\\search.html:text/html}
}

@article{vinukollu_global_2011,
	title = {Global estimates of evapotranspiration for climate studies using multi-sensor remote sensing data: {Evaluation} of three process-based approaches},
	volume = {115},
	shorttitle = {Global estimates of evapotranspiration for climate studies using multi-sensor remote sensing data},
	number = {3},
	journal = {Remote Sensing of Environment},
	author = {Vinukollu, Raghuveer K. and Wood, Eric F. and Ferguson, Craig R. and Fisher, Joshua B.},
	year = {2011},
	pages = {801--823},
	file = {Full Text:C\:\\Users\\admin\\Zotero\\storage\\FK6BVQWP\\S0034425710003251.html:text/html}
}

@article{rienecker_merra:_2011,
	title = {{MERRA}: {NASA}’s modern-era retrospective analysis for research and applications},
	volume = {24},
	shorttitle = {{MERRA}},
	number = {14},
	journal = {Journal of climate},
	author = {Rienecker, Michele M. and Suarez, Max J. and Gelaro, Ronald and Todling, Ricardo and Bacmeister, Julio and Liu, Emily and Bosilovich, Michael G. and Schubert, Siegfried D. and Takacs, Lawrence and Kim, Gi-Kong},
	year = {2011},
	pages = {3624--3648},
	file = {Full Text:C\:\\Users\\admin\\Zotero\\storage\\IVBJHIQR\\Rienecker et al. - 2011 - MERRA NASA’s modern-era retrospective analysis fo.pdf:application/pdf;Snapshot:C\:\\Users\\admin\\Zotero\\storage\\EGZMDGET\\JCLI-D-11-00015.html:text/html}
}

@article{rodell_global_2004,
	title = {The global land data assimilation system},
	volume = {85},
	number = {3},
	journal = {Bulletin of the American Meteorological Society},
	author = {Rodell, Matthew and Houser, P. R. and Jambor, U. E. A. and Gottschalck, J. and Mitchell, K. and Meng, C.-J. and Arsenault, K. and Cosgrove, B. and Radakovich, J. and Bosilovich, M.},
	year = {2004},
	pages = {381--394},
	file = {Full Text:C\:\\Users\\admin\\Zotero\\storage\\DPSIVMB8\\Rodell et al. - 2004 - The global land data assimilation system.pdf:application/pdf;Snapshot:C\:\\Users\\admin\\Zotero\\storage\\3EM78ERA\\BAMS-85-3-381.html:text/html}
}

@article{liu_spacebased_2006,
	title = {Spacebased observations of oceanic influence on the annual variation of {South} {American} water balance},
	volume = {33},
	number = {8},
	journal = {Geophysical Research Letters},
	author = {Liu, W. Timothy and Xie, Xiaosu and Tang, Wenqing and Zlotnicki, Victor},
	year = {2006},
	file = {Snapshot:C\:\\Users\\admin\\Zotero\\storage\\58D29SJ5\\2006GL025683.html:text/html}
}

@article{hilburn_passive_2009,
	title = {The passive microwave water cycle product},
	volume = {72409},
	journal = {Remote Sensing Systems Rep},
	author = {Hilburn, K. A.},
	year = {2009},
	pages = {30},
	file = {Full Text:C\:\\Users\\admin\\Zotero\\storage\\5DQHJMZ6\\Hilburn - 2009 - The passive microwave water cycle product.pdf:application/pdf}
}

@book{shiklomanov_world_2004,
	title = {World water resources at the beginning of the twenty-first century},
	publisher = {Cambridge University Press},
	author = {Shiklomanov, Igor A. and Rodda, John C.},
	year = {2004},
	file = {Full Text:C\:\\Users\\admin\\Zotero\\storage\\48G5674V\\Shiklomanov and Rodda - 2004 - World water resources at the beginning of the twen.pdf:application/pdf;Snapshot:C\:\\Users\\admin\\Zotero\\storage\\U3F3B2M6\\books.html:text/html}
}

@article{susskind_improved_2010,
	title = {Improved temperature sounding and quality control methodology using {AIRS}/{AMSU} data: {The} {AIRS} science team version 5 retrieval algorithm},
	volume = {49},
	shorttitle = {Improved temperature sounding and quality control methodology using {AIRS}/{AMSU} data},
	number = {3},
	journal = {IEEE Transactions on Geoscience and Remote Sensing},
	author = {Susskind, Joel and Blaisdell, John M. and Iredell, Lena and Keita, Fricky},
	year = {2010},
	pages = {883--907},
	file = {Full Text:C\:\\Users\\admin\\Zotero\\storage\\CDPSBCNJ\\Susskind et al. - 2010 - Improved temperature sounding and quality control .pdf:application/pdf;Snapshot:C\:\\Users\\admin\\Zotero\\storage\\JGEC98ZY\\5604313.html:text/html}
}

@article{wentz_amsr_2000,
	title = {{AMSR} {Ocean} {Algorithm}, {Algorithm} {Theoretical} {Basis} {Document}},
	journal = {Remote Sensing Systems},
	author = {Wentz, F. J. and Meissner, T.},
	year = {2000}
}

@article{lecuyer_estimation-based_2002,
	title = {An estimation-based precipitation retrieval algorithm for attenuating radars},
	volume = {41},
	number = {3},
	journal = {Journal of applied meteorology},
	author = {L'Ecuyer, Tristan S. and Stephens, Graeme L.},
	year = {2002},
	pages = {272--285},
	file = {Full Text:C\:\\Users\\admin\\Zotero\\storage\\YJIP32JP\\L'Ecuyer and Stephens - 2002 - An estimation-based precipitation retrieval algori.pdf:application/pdf;Snapshot:C\:\\Users\\admin\\Zotero\\storage\\86SEVGI9\\1520-0450(2002)0410272AEBPRA2.0.html:text/html}
}

@article{oki_global_2006-1,
	title = {Global hydrological cycles and world water resources},
	volume = {313},
	number = {5790},
	journal = {science},
	author = {Oki, Taikan and Kanae, Shinjiro},
	year = {2006},
	pages = {1068--1072},
	file = {Full Text:C\:\\Users\\admin\\Zotero\\storage\\HMZS855I\\Oki and Kanae - 2006 - Global hydrological cycles and world water resourc.pdf:application/pdf;Snapshot:C\:\\Users\\admin\\Zotero\\storage\\9VQE9HUX\\1068.html:text/html}
}

@article{trenberth_estimates_2007-1,
	title = {Estimates of the global water budget and its annual cycle using observational and model data},
	volume = {8},
	number = {4},
	journal = {Journal of Hydrometeorology},
	author = {Trenberth, Kevin E. and Smith, Lesley and Qian, Taotao and Dai, Aiguo and Fasullo, John},
	year = {2007},
	pages = {758--769},
	file = {Full Text:C\:\\Users\\admin\\Zotero\\storage\\28UF4JDU\\Trenberth et al. - 2007 - Estimates of the global water budget and its annua.pdf:application/pdf;Snapshot:C\:\\Users\\admin\\Zotero\\storage\\Z7GAWU3Y\\JHM600.html:text/html}
}

@article{clark_continental_2015,
	title = {Continental runoff into the oceans (1950–2008)},
	volume = {16},
	number = {4},
	journal = {Journal of Hydrometeorology},
	author = {Clark, Elizabeth A. and Sheffield, Justin and van Vliet, Michelle TH and Nijssen, Bart and Lettenmaier, Dennis P.},
	year = {2015},
	pages = {1502--1520},
	file = {Full Text:C\:\\Users\\admin\\Zotero\\storage\\XA8IBR2N\\Clark et al. - 2015 - Continental runoff into the oceans (1950–2008).pdf:application/pdf;Snapshot:C\:\\Users\\admin\\Zotero\\storage\\35U4ZDN9\\JHM-D-14-0183.html:text/html}
}

@article{susskind_improved_2010-1,
	title = {Improved temperature sounding and quality control methodology using {AIRS}/{AMSU} data: {The} {AIRS} science team version 5 retrieval algorithm},
	volume = {49},
	shorttitle = {Improved temperature sounding and quality control methodology using {AIRS}/{AMSU} data},
	number = {3},
	journal = {IEEE Transactions on Geoscience and Remote Sensing},
	author = {Susskind, Joel and Blaisdell, John M. and Iredell, Lena and Keita, Fricky},
	year = {2010},
	pages = {883--907},
	file = {Full Text:C\:\\Users\\admin\\Zotero\\storage\\DNKMQULV\\Susskind et al. - 2010 - Improved temperature sounding and quality control .pdf:application/pdf;Snapshot:C\:\\Users\\admin\\Zotero\\storage\\UXGWRCJ6\\5604313.html:text/html}
}

@article{peixoto_physics_1992,
	title = {Physics of climate},
	author = {Peixoto, José Pinto and Oort, Abraham H.},
	year = {1992},
	file = {Snapshot:C\:\\Users\\admin\\Zotero\\storage\\4TGG4KHB\\7287064.html:text/html}
}

@article{oki_1.2_1999,
	title = {1.2 {The} global water cycle},
	volume = {134800000},
	journal = {Global Energy and Water Cycles},
	author = {Oki, Taikan},
	year = {1999},
	pages = {10},
	file = {Full Text:C\:\\Users\\admin\\Zotero\\storage\\86ZMUTUQ\\Oki - 1999 - 1.2 The global water cycle.pdf:application/pdf;Snapshot:C\:\\Users\\admin\\Zotero\\storage\\4P988IMN\\books.html:text/html}
}